@Book{UI Model-Based Approach,
  author    = { Liu, B., Chen, H., He, W.},
  title     = {``Deriving user interface from ontologies: A model-based approach.''},
  publisher = {Int. Conf. Tools with Artif. Intell. ICTAI. 2005},
  numpages  = {pp. 254â€“259},
  year      = {2005},
  language  = {english},
}

@Electronic{JavaFX FXML,
  title     = {Introduction to FXML [{E}lectronic resource]},
  Note      = {Access mode: \url{https://openjfx.io/javadoc/12/javafx.fxml/javafx/fxml/doc-files/introduction\_to\_fxml.html}. --- Date of access: 23.05.2021},
  language  = {english}
}

@Electronic{Backend-Driven UI,
  title     = {Exploring Server-Driven UI [{E}lectronic resource]},
  Note      = {Access mode: \url{https://betterprogramming.pub/exploring-server-driven-ui-cf67b3da919}. --- Date of access: 22.04.2021},
  language  = {english}
}
