@book{Trudeau1993,
  title={Introduction to Graph Theory},
  author={Trudeau, R.J.},
  isbn={9780486678702},
  lccn={lc93032996},
  series={Dover Books on Mathematics},
  year={1993},
  publisher={Dover Pub.},
  language = {english},
  shorthand = "Trudeau.R.J.IntroGT-1993кн",
  annotation = "Книга является вводным курсом в теорию графов"
}

@inproceedings{Golenkov2019,
    author = "V. Golenkov and N. Guliakina and I. Davydenko and A. Eremeev",
    title = "Methods and tools for ensuring compatibility of computer systems",
    booktitle ="Open semantic technologies for intelligent systems",
    editor = "V. Golenkov",
    publisher = "BSUIR, Minsk",
    series   = {4},
    year = "2019",
    pages = "25-52",
    language={english},
    hyphenation={english},
    shorthand = "Golenkov.V.V.MethodsTECCS-2019ст",
    annotation = "Работа содержит описание методов и средств обеспечения совместимости компьютерных систем"
}

@book{Golovko2017,
	author = {Головко, В. А. and Краснопрошин, В. В.},
	title = {Нейросетевые технологии обработки данных},
	address = {Минск\space},
	publisher={Издательство БГУ},
	year={2017},
	numpages  = {263},
	isbn={9789855664674},
	language={russian},
	shorthand={Головко.В.А.НейроТехОбрДанных-2017кн},
	annotation={Изложены математические и алгоритмические аспекты функционирования искусственных нейронных сетей}
}

@article{gastelvecchi2016,
    author    = {Davide Castelvecchi},
    title     = {Can we open the black box of AI?},
    journal   = {Nature News},
    volume    = {538},
    number    = {7623},
    year      = {Oct 2016.},
    shorthand = {Castelvecchi.В.AIBlackBox-2016}
}

@article{nesy1,
    url = {https://arxiv.org/pdf/1711.03902.pdf},
    year = {2017},
    month = nov,
    author = {Tarek R. Besold and Artur d'Avila Garcez and Sebastian Bader and Howard Bowman and Pedro Domingos and Pascal Hitzler and Kai-Uwe Kuehnberger and Luis C. Lamb and Daniel Lowd and Priscila Machado Vieira Lima and Leo de Penning and Gadi Pinkas and Hoifung Poon and Gerson Zaverucha},
    title = {Neural-Symbolic Learning and Reasoning: A Survey and Interpretation},
    note = "(accessed 2020, Jun)",
    shorthand = {Tarek.R.NeuralSymbolic-2017}
}

@article{Kingma2014,
	url = {https://arxiv.org/pdf/1412.6980.pdf},
	year = {2014},
	title = {Adam: A Method for Stochastic Optimization},
	author = {Kingma, D. and Ba, J.},
	language = {english},
	shorthand = {Kingma.D.Adam-2014ст}
}

@article{Duchi2011,
	author = {Duchi, J. and Hazan, E. and Singer, Y.},
	title = {Adaptive subgradient methods for online learning and stochastic optimization},
	year = {2011},
	journal = {Journal of Machine Learning Research},
	shorthand = {Duchi.J.AdaptiveSubgradMethods-2011ст}
}

@Inproceedings{ann_ostis2018,
    author    = {V. A. Golovko and V. V. Golenkov and V. P. Ivashenko and V. V. Taberko and D. S. Ivaniuk and A. A. Kroshchanka and M. V. Kovalev},
    title     = {Integration of artificial neural networks and knowledge bases},
    year      = {2018},
    pages     = {133--145},
    series   = {2},
    booktitle = "Open semantic technologies for intelligent systems",
    editor = "V. Golenkov",
    publisher = "BSUIR, Minsk",
    shorthand = {Golovko.V.IntegrationANNKB-2018}
}

@book{Goodfellow2017,
	author = {Гудфеллоу, Я. and Бенджио, И. and Курвилль, А.},
	title = {Глубокое обучение},
	address = {Москва\space},
	publisher = {ДМК Пресс},
	year = {2017},
	numpages = {652},
	isbn={9785970605547},
	language = {russian},
	shorthand = {Гудфеллоу.Я.ГлубОбуч-2017кн},
	annotation = {Рассмотрены основы дисциплин, необходимых для понимания глубокого обучения. Описываются различные приложения глубокого обучения, а также основные приемы глубокого обучения}
}

@book{Haykin2006,
	author = {Хайкин, С.},
	title = {Нейронные сети: полный курс, 2-е издание},
	address = {Москва},
	publisher = {Издательский дом ``Вильямс''},
	year = {2006},
	numpages = {1104},
	isbn = {5845908906},
	language = {russian},
	shorthand = {Хайкин.С.НейрСети-2006кн},
	annotation = {Рассмотрены основные парадигмы искусственных нейронных сетей. Дается строгое математическое обоснование всех нейросетевых парадигм, примеры множества практических задач}
}

@inproceedings{Davydenko2018,
    author = "I. Davydenko",
    title = "Semantic models, method and tools of knowledge bases coordinated development based on reusable components",
    booktitle = "Open semantic technologies for intelligent systems",
    editor = "V. Golenkov",
    publisher = "BSUIR, Minsk",
    series   = {2},
    year = "2018",
    pages = "99-118",
    language = {english},
    shorthand = "Davydenko.I.T.SemanticMMTKBCDBRC-2018ст",
    annotation = "Работа содержит описание семантических моделей, методов и средств соглассованой разработки бах знаний на основе многократно используемых компонентов"
}

@inproceedings{Shunkevich2018,
    author = "D. Shunkevich",
    title = "Agent-oriented models, method and tools of compatible problem solvers development for intelligent systems",
    booktitle ="Open semantic technologies for intelligent systems",
    editor = "V. Golenkov",
    publisher = "BSUIR, Minsk",
    series   = {2},
    year = "2018",
    pages = "119-132",
    language = {english},
    shorthand = "Shunkevich.D.V.AgentOMMTCPSDIS-2018ст",
    annotation = "Работа содержит описание агентно-ориентированных моделей, методов и средств разработки совместимых решателей задач интеллектуальных систем"
}

@Article{Gribova2015a,
  author   = {В. В. Грибова and А. С. Клещев and Д. А. Крылов and Ф. М. Москаленко and В. А. Тимченко and Е. А. Шалфеева},
  title    = {Базовая технология разработки интеллектуальных сервисов на облачной платформе {IACP}aa{S}. Ч. 1. Разработка базы знаний и решателя задач},
  journal  = {Програм. инженерия},
  year     = {2015},
  number   = {12},
  pages    = {3-11},
  language = {russian},
  shorthand = "Грибова.В.В.БазоваяТРИСОП-2015ст",
  annotation = "Работа содержит описание разработки баз знаний и решателя задач"
}

@book{Trudeau1993,
  title={Introduction to Graph Theory},
  author={Trudeau, R.J.},
  isbn={9780486678702},
  lccn={lc93032996},
  series={Dover Books on Mathematics},
  year={1993},
  publisher={Dover Pub.},
  language = {english},
  shorthand = "Trudeau.R.J.IntroGT-1993кн",
  annotation = "Книга является вводным курсом в теорию графов"
}


@phdthesis{Gaponov2000,
  author    = {Гапонов, П. А.}, 
  title     = {Модели и методы параллельной асинхронной переработки информации в графодинамической ассоциативной памяти\space},
  type      = {дис. ... канд. техн. наук : 05.13.11},
  address   = {Минск},
  year      = {2000},
  note      = {114 л.},
  language  = {russian},
  shorthand = "Гапонов.П.А.МоделиМПАПИГАС-2000дс",
  annotation = "Работа содержит описание моделей и методов параллельной асинхронной переработки информации в графодинамической ассоциативной памяти"
}

@phdthesis{Golenkov1996,
  author    = {В. В. Голенков}, 
  title     = {Графодинамические модели и методы параллельной асинхронной переработки информации в интеллектуальных системах\space},
  type      = {дис. ... д-ра техн. наук : 05.13.11 ; 05.13.17},
  year      = {1996},
  address   = {Минск},
  note      = {396 л.},
  language  = {russian},
  shorthand = "Голенков.В.В.ГрафММПАПИИС-1996дс",
  annotation = "Работа содержит описание графодинамических моделей и методов параллельной асихронной переработвки информации в интеллектуальных системвх"
}

@phdthesis{Davydenko2017,
  author    = {Давыденко, И. Т.}, 
  title     = {Модели, методика и средства разработки гибридных баз знаний на основе семантической совместимости многократно используемых компонентов\space},
  type      = {дис. ... канд. техн. наук : 05.13.17},
  year      = {2017},
  address   = {Минск},
  note      = {284 л.},
  language  = {russian},
  shorthand = "Давыденко.И.Т.МоделиМСРГБЗОССМИК-2017дс",
  annotation = "Работа содержит описание моделей, методики и средст разработки гибридных баз знаний на основе семантической совместимости многократно используемых компонентов"
}

@phdthesis{Kuzmytsky2000,
  author       = {Кузьмицкий, В. М.}, 
  title        = {Принципы построения графодинамического параллельного компьютера, ориентированного на решение задач искусственного интеллекта\space},
  type         = {дис. ... канд. техн. наук : 05.13.11},
  address      = {Минск},
  year         = {2000},
  note         = {236 л.},
  language     = {russian},
  shorthand    = "Кузьмицкий.В.М.ПринципыПГПКОРЗИИ-2000дс",
  annotation   = "Работа содержит описание принципов построения графодинамического параллельного компьютера, ориентированного на решение задач искуственного интеллекта"
}

@phdthesis{Lemesheva2004,
  author        = {Лемешева, Т. Л.}, 
  title         = {Модели, алгоритмы и программное обеспечение корпоративных систем виртуальных кафедр\space},
  type          = {дис. ... канд. техн. наук : 05.13.11},
  year          = {2004},
  address       = {Минск},
  note          = {114 л.},
  language      = {russian},
  shorthand     = "Лемешева.Т.Л.МоделиАПОКСВК-2004дс",
  annotation    = "Работа содержит описание моделей, алгоритмов и программного обеспечения корпоративынх систем виртуальных кафедр"
}

@phdthesis{Serdiukov2004,
  author        = {Сердюков, Р. Е.}, 
  title         = {Базовые алгоритмы и инструментальные средства обработки информации в графодинамических ассоциативных машинах},
  type          = {дис. ... канд. техн. наук : 05.13.11},
  year          = {2004},
  address       = {Минск},
  note          = {114 л.},
  language      = {russian},
  shorthand     = "Сердюков.Р.Е.БазовыеАИСОИГАМ-2004дс",
  annotation    = "Работа содержит описание базовых алгоритмов и иструментальных средств обработки информации в графодинамических ассоциативынх машинах"
}

@phdthesis{Shunkevich2017,
  author        = {Шункевич, Д. В.}, 
  title         = {Агентно-ориентированные решатели задач интеллектуальных систем},
  type          = {дис. ... канд. техн. наук : 05.13.17},
  year          = {2017},
  address       = {Минск},
  note          = {254 л.},
  language      = {russian},
  shorthand     = "Шункевич.Д.В.АгентОРЗИС-2017дс",
  annotation    = "Работа содержит описание агентно-ориентированных решателей задач интеллектуальных систем"
}

@InProceedings{Golenkov2011,
  author       = {Голенков, В. В. and Н. А. Гулякина},
  title        = {Принципы построения массовой семантической технологии компонентного проектирования интеллектуальных систем},
  booktitle    = {Открытые семантические технологии проектирования интеллектуальных систем (OSTIS-2011) : материалы Междунар. научн.-техн. конф., Минск, 10-12 февраля 2011г.},
  organization = {Белорус. гос. ун-т информатики и радиоэлектроники ; редкол.: В. В. Голенков (отв. ред.) [и др.]},
  year         = {2011},
  pages        = {21-58},
  publisher    = {Минск},
  language     = {russian},
  shorthand    = "Голенков.В.В.ПринципыПМСТКПИС-2011ст",
  annotation   = "Работа содержит описание принципов построения массовой семантической технологии компонентного проектирования интеллектуальных систем"
}

@InProceedings{Golenkov2012,
  author       = {В. В. Голенков and Н. А. Гулякина},
  title        = {Графодинамические модели параллельной обработки знаний: принципы построения, реализации и проектирования},
  booktitle    = {Открытые семантические технологии проектирования интеллектуальных систем (OSTIS-2012) : материалы II Междунар. науч.-техн. конф., Минск, 16--18 февр. 2012 г.},
  organization = {Белорус. гос. ун-т информатики и радиоэлектроники ; редкол.: В. В. Голенков (отв. ред.) [и др.]},
  year         = {2012},
  pages        = {23-52},
  publisher    = {Минск},
  language     = {russian},
  shorthand    = {Голенков.В.В.ГрафМПОЗППРП-2012ст},
  annotation   = "Работа содержит описание графодинамических моделей параллельной обработки знаний, их принципов построения, реализации и проектирования"
}

@InProceedings{Golenkov2013,
  author       = {В. В. Голенков and Н. А. Гулякина},
  title        = {Открытый проект, направленный на создание технологии компонентного проектирования интеллектуальных систем},
  booktitle    = {Открытые семантические технологии проектирования интеллектуальных систем (OSTIS-2013) : материалы III Междунар. науч.-техн. конф., Минск, 21–23 февр. 2013 г.},
  organization = {Белорус. гос. ун-т информатики и радиоэлектроники ; редкол.: В. В. Голенков (отв. ред.) [и др.]},
  year         = {2013},
  pages        = {55-78},
  publisher    = {Минск},
  language     = {russian},
  shorthand    = "Голенков.В.В.ОткрытыйПНСТКПИС-2013ст",
  annotation   = "Работа содержит описание открытого проекта, направленного на создание технологии компонентного проектирования интеллектуальных систем"
}

@InProceedings{Golenkov2014,
  author       = {В. В. Голенков and Н. А. Гулякина},
  title        = {Структуризация смыслового пространства},
  booktitle    = {Открытые семантические технологии проектирования интеллектуальных систем (OSTIS-2014) : материалы IV Междунар. науч.-техн. конф., Минск, 20–22 февр. 2014 г.},
  organization = {Белорус. гос. ун-т информатики и радиоэлектроники ; редкол.: В. В. Голенков (отв. ред.) [и др.]},
  year         = {2014},
  pages        = {65-78},
  publisher    = {Минск},
  language     = {russian},
  shorthand    = "Голенков.В.В.СтруктуризацияСП-2014ст",
  annotation   = "Работа содержит описание структуризации смыслового пространства"
}

@Article{Golenkov2014a,
  author   = {В. В. Голенков and Н. А. Гулякина},
  title    = {Проект открытой семантической технологии компонентного проектирования интеллектуальных систем. Часть 1: Принципы создания},
  journal  = {Онтология проектирования},
  year     = {2014},
  number   = {1},
  pages    = {42-64},
  language = {russian},
  shorthand = "Голенков.В.В.ПроектОСТКПИСПС-2014ст",
  annotation = "Работа содержит описание проекта открытой семантической технологии компонентного проектирования интеллектуальных систем, его принципы создания, общие положения и представление знаний"
}

@Article{Golenkov2014b,
  author   = {В. В. Голенков and Н. А. Гулякина},
  title    = {Проект открытой семантической технологии компонентного проектирования интеллектуальных систем. Часть 2: Унифицированные модели проектирования},
  journal  = {Онтология проектирования},
  year     = {2014},
  number   = {4},
  pages    = {34-53},
  language = {russian},
  shorthand = "Голенков.В.В.ПроектОСТКПИСУМП-2014ст",
  annotation = "Работа содержит описание проекта открытой семантической технологии компонентного проектирования интеллектуальных систем, унифицированных моделей проектирования, обработки знаний, интерфейсов и семантического компьютера"
}

@InProceedings{Golenkov2015,
  author       = {В. В. Голенков and Н. А. Гулякина},
  title        = {Семантическая технология компонентного проектирования cистем, управляемых знаниями},
  booktitle    = {Открытые семантические технологии проектирования интеллектуальных систем (OSTIS-2015) : материалы V Междунар. науч.-техн. конф., Минск, 19–21 февр. 2015 г.},
  organization = {Белорус. гос. ун-т информатики и радиоэлектроники ; редкол.: В. В. Голенков (отв. ред.) [и др.]},
  year         = {2015},
  pages        = {57-78},
  publisher    = {Минск},
  language     = {russian},
  shorthand    = "Голенков.В.В.СемантическаяТКПСУЗ-2015ст",
  annotation   = "Работа содержит описание семантической технологии компонентного проектирования систем, управляемых знаниями"
}

@InProceedings{Golenkov2017,
  author    = {Golenkov, V. V},
  title     = {Ontology-based design of intelligent systems},
  booktitle = {Open semantic technologies for intelligent systems}, 
  pages     = {37--56},
  publisher = {Minsk : BSUIR},
  year      = {2017},
  series    = {Iss. 1},
  language  = {english},
  shorthand = "Golenkov.V.V.OntologyBDIS-2017ст",
  annotation = "Работа содержит описание онтологического проектирования интеллектуальных систем"
}

@InProceedings{Golenkov2018,
  author       = {Голенков, В. В. and Гулякина, Н. А. and Гракова, Н. В. and Давыденко, И. Т. and Никуленко, В. Ю. and Еремеев, А. П. and Тарасов, В. Б.},
  title        = {От обучения интеллектуальных систем к обучению средств их разработки},
  booktitle    = {Открытые семантические технологии проектирования интеллектуальных систем},
  pages        = {81--98},
  publisher    = {Минск : БГУИР},
  year         = {2018},
  series       = {Вып. 2},
  language     = {russian},
  shorthand    = "Голенков.В.В.ОбучениеИСОСР-2018ст",
  annotation   = "Работа содержит описание обучения интеллектуальных систем и их средств разработки"
}

@InProceedings{Grakova2014,
  author       = {Н. В. Гракова and И. Т. Давыденко and К. В. Русецкий},
  title        = {База знаний интеллектуальной Метасистемы поддержки проектирования интеллектуальных систем},
  booktitle    = {Открытые семантические технологии проектирования интеллектуальных систем (OSTIS-2014) : материалы IV Междунар. науч.-техн. конф., Минск, 20–22 февр. 2014 г.},
  organization = {Белорус. гос. ун-т информатики и радиоэлектроники ; редкол.: В. В. Голенков (отв. ред.) [и др.]},
  year         = {2014},
  pages        = {83-92},
  publisher    = {Минск},
  language     = {russian},
  shorthand    = "Гракова.Н.В.БазаЗИМППИС-2014ст",
  annotation   = "Работа содержит описание базы знаний интеллектуальной Метасистемы поддержки проектирования интеллектуальных систем"
  % Метасистемы с большой буквы?
}

@InProceedings{Davydenko2016,
  author       = {Давыденко, И. Т.},
  title        = {Семантическая модель коллективного проектирования баз знаний},
  booktitle    = {Открытые семантические технологии проектирования интеллектуальных систем (OSTIS-2016) : материалы VI Междунар. науч.-техн. конф., Минск, 18--20 февр. 2016 г.},
  organization = {Белорус. гос. ун-т информатики и радиоэлектроники ; редкол.: В. В. Голенков (отв. ред.) [и др.]},
  year         = {2016},
  pages        = {107-114},
  publisher    = {Минск},
  language     = {russian},
  shorthand    = "Давыденко.И.Т.СемантическаяМКПБЗ-2016ст",
  annotation   = "Работа содержит описание семантической модели коллективного проектирования баз знаний"
}

@InProceedings{Davydenko2016a,
  author       = {И. Т. Давыденко and Н. В. Гракова and Е. С. Сергиенко and А. В. Федотова},
  title        = {Средства структуризации семантических моделей баз знаний},
  booktitle    = {Открытые семантические технологии проектирования интеллектуальных систем (OSTIS-2016) : материалы VI Междунар. науч.-техн. конф., Минск, 18--20 февр. 2016 г.},
  year         = {2016},
  pages        = {93--106},
  organization = {Белорус. гос. ун-т информатики и радиоэлектроники ; редкол.: В. В. Голенков (отв. ред.) [и др.]},
  publisher    = {Минск},
  language     = {russian},
  shorthand    = "Давыденко.И.Т.СредстваССМБЗ-2016ст",
  annotation   = "Работа содержит описание средств структуризации семантических моделей баз знаний"
}

@INPROCEEDINGS{Davydenko2017a,
  author    = {Davydenko, I. T.},
  title     = {Ontology-based design of intelligent systems},
  booktitle = {Open semantic technologies for intelligent systems},
  pages     = {57--72},
  publisher = {Minsk : BSUIR},
  year      = {2017},
  series    = {Iss. 1},
  language  = {english},
  shorthand = "Davydenko.I.T.OntologyBDIS-2017ст",
  annotation = "Работа содержит описание онтологического проектирования интеллектуальных систем"
}

%23
@BOOK{Golenkov1995,
  author    = {Голенков, В. В. and Гулякина, Н. А. and Елисеева, О. Е.},
  title     = {Описание языка SCP: Материалы по математическому обеспечению ЭВМ},
  address   = {Минск\space},
  publisher = {Ин-т техн. кибернетики Акад. наук Беларуси},
  year      = {1995},
  numpages  = {152},
  language  = {russian},
  shorthand = {Голенков.В.В.ОписаниеЯSCPММОЭВМ-1995кн},
  annotation = {В работе рассматривается язык SCP}
}

%24
@BOOK{Golenkov1995b,
  author    = {Голенков, В. В. and Гулякина, Н. А. and Малевич, И. Е.},
  title     = {Описание языка SCPbs : материалы по мат. обеспечению ЭВМ},
  address   = {Минск\space},
  publisher = {Ин-т техн. кибернетики Акад. наук Беларуси},
  year      = {1995},
  numpages  = {90},
  language  = {russian},
  shorthand = {Голенков.В.В.ОписаниеЯSCPBММОЭВМ-1995кн},
  annotation = {В работе рассматривается язык SCPbs}
}

%25
@INPROCEEDINGS{Gulykina2012,
  author    = {Н. А. Гулякина and О. В. Пивоварчик and Д. А. Лазуркин},
  title     = {Языки и технологии программирования, ориентированные на обработку семантических сетей},
  booktitle = {Открытые семантические технологии проектирования интеллектуальных систем (OSTIS-2012) : материалы II междунар. науч.-техн. конф., Минск, 16–18 февр. 2012 г.},
  organization  = {Белорус. гос. ун-т информатики и радиоэлектроники ; редкол.: В. В. Голенков (отв. ред.) [и др.]},
  year          = {2012},
  pages         = {221--228},
  publisher     = {Минск},
  language      = {russian},
  shorthand 	= {Гулякина.Н.А.ЯзыкиТПООСС-2012ст},
  annotation 	= {В работе рассматриваются языки и технологии программирования, ориентированные на обработку семантических сетей}
}

%26
@INPROCEEDINGS{Ivashenko2000,
  author        = {Ивашенко, В. П. and Кондратенко, А. Л.},
  title         = {Применение мультиагентного подхода для реализации виртуальной графодинамической среды},
  booktitle     = {Четвертая международная летняя школа-семинар по искусственному интеллекту для студентов и аспирантов : сб. науч. тр. Респ. Беларусь, Браславские озера, 29 июня -- 6 июля 2000 г.},
  organization  = {под ред. О. П. Кузнецова (отв. ред.) [и др.]},
  publisher     = {Минск : БГУ},
  year          = {2000},
  pages         = {154--163},
  language      = {russian},
  shorthand 	= {Ивашенко.В.П.ПрименениеМПРВГС-2000ст},
  annotation	= {В работе описан мультиагентный подход реализации виртуальной графодинамической среды}
}

%27
@INPROCEEDINGS{Ivashenko1999,
  author        = {Ивашенко, В. П. and Сердюков, Р. Е.},
  title         = {Исследование принципов организации параллельных процессов, работающих над общей памятью},
  booktitle     = {Третья международная летняя школа-семинар по искусственному интеллекту для студентов и аспирантов : сб. тр., Респ. Беларусь, Браславские озера, 28 июня -- 4 июля 1999 г.},
  organization  = {Белорус. гос. ун-т информатики и радиоэлектроники},
  publisher     = {Минск},
  year          = {1999},
  pages         = {139--141},
  language      = {russian},
  shorthand 	= {Ивашенко.В.П.ИсследПОППРОП-1999ст},
  annotation 	= {Работа содержит описание принципов организации параллельных процессов, работающих над общей памятью}
}

%28
@INPROCEEDINGS{Lazyrkin2011,
  author    = {Д. А. Лазуркин},
  title     = {Технология компонентного проектирования программ, ориентированных на обработку семантических сетей},
  booktitle = {Открытые семантические технологии проектирования интеллектуальных систем (OSTIS-2011) : материалы междунар. науч.-техн. конф., Минск, 10–12 февр. 2011 г.},
  organization  = {Белорус. гос. ун-т информатики и радиоэлектроники ; редкол.: В. В. Голенков (отв. ред.) [и др.]},
  year          = {2011},
  pages         = {167--176},
  publisher     = {Минск},
  language      = {russian},
  shorthand 	= {Лазуркин.Д.А.ТехнологияКППООСС-2011ст},
  annotation 	= {В работе приводится описание основных разделов технологии проектирования программ, ориентированных на обработку семантических сетей}
}

%29
@BOOK{Golenkov1994a,
  compiler      = {Голенков, В. В. and Гулякина, Н. А. and Татаренко, В. А. and Гапонов, П. А. and Кузмицкий, В. М.},
  title         = {Описание семантики языка SCPas. Операторы поиска и проверки условий. Операторы управления вычислительным процессом : материалы по мат. обеспечению ЭВМ},
  address       = {Минск\space},
  publisher     = {Ин-т техн. кибернетики Акад. наук Беларуси},
  year          = {1994},
  numpages      = {98},
  language      = {russian},
  shorthand 	= {Голенков.В.В.ОписаниеСЯSCPASОППУОУВПММОЭВМ-1994кн},
  annotation 	= {Работа содержит описание семантики языка SCPas, операторов поиска, проверки условий и управления вычислительным процессом}
}

%30
@BOOK{Golenkov1994b,
  compiler      = {Голенков, В. В. and Гулякина, Н. А. and Королев В. Г. and Татаренко, В. А. and Золотой, С. А.},
  title         = {Описание семантики языка SCPas. Операторы преобразования состояния SC-графа : материалы по мат. обеспечению ЭВМ},
  address       = {Минск\space},
  publisher     = {Ин-т техн. кибернетики Акад. наук Беларуси},
  year          = {1994},
  numpages      = {98},
  language      = {russian},
  shorthand 	= {Голенков.В.В.ОписаниеСЯSCPASОПСSCГММОЭВМ-1994кн},
  annotation 	= {Работа содержит описание семантики языка SCPas, опеаторы преобразования состояний SC-графа}
}
  
%31
@BOOK{Golenkov1994c,
  author        = {Голенков, В. В. and Гулякина, Н. А. and Кузмицкий, В. М. and Малевич, И. Е. and Соловьев, А. С.},
  title         = {Описание языка SCPas. Операторы поиска и проверки условий},
  address       = {Минск\space},
  publisher     = {ИТК АН Беларуси},
  year          = {1994},
  numpages      = {32},
  note          = {(Препринт / Ин-т техн. кибернетики Акад. наук Беларуси ; \textnumero 9)},
  language      = {russian},
  shorthand 	= {Голенков.В.В.ОписаниеСЯSCPASОППУ-1994кн},
  annotation 	= {Работа содержит описание языка SCPas, операторов поиска и проверки условий}
}

%32
@BOOK{Golenkov1994d,
  author        = {Голенков, В. В. and Гулякина, Н. А. and Королев В. Г. and Татаренко, В. А. and Елисеева, О. Е.},
  options       = {useauthor=false},
  title         = {Описание языка SCPas. Операторы преобразования состояния SC-графа},
  address       = {Минск\space},
  publisher     = {ИТК АН Беларуси},
  year          = {1994},
  numpages      = {44},
  note          = {(Препринт / Ин-т техн. кибернетики Акад. наук Беларуси ; \textnumero 7)},
  language      = {russian},
  shorthand 	= {Голенков.В.В.ОписаниеСЯSCPASОПСSCГ-1994кн},
  annotation 	= {Работа содержит описание языка SCPas, операторов преобразования состояний SC-графа}
}

%33
@BOOK{Golenkov1994e,
  author        = {Голенков, В. В. and Гулякина, Н. А. and Королев, В. Г. and Гапонов, П. А. and Ногина, Н. Э.},
  title         = {Описание языка SCPas. Операторы управления вычислительным процессом. Примеры программ},
  address       = {Минск\space},
  publisher     = {ИТК АН Беларуси},
  year          = {1994},
  numpages      = {36},
  note          = {(Препринт / Ин-т техн. кибернетики Акад. наук Беларуси ; \textnumero 11)},
  language      = {russian},
  shorthand 	= {Голенков.В.В.ОписаниеСЯSCPASОУВППП-1994кн},
  annotation 	= {Работа содержит описание языка SCPas и операторов управления вычислительным процессом}
}

%34
@INPROCEEDINGS{Pivovarchik2013,
  author    = {О. В. Пивоварчик},
  title     = {Семантические языки для описания технологии разработки программ, ориентированных на обработку знаний},
  booktitle = {Открытые семантические технологии проектирования интеллектуальных систем (OSTIS-2013) : материалы III Междунар. науч.-техн. конф., Минск, 21–23 февр. 2013 г.},
  organization  = {Белорус. гос. ун-т информатики и радиоэлектроники ; редкол.: В. В. Голенков (отв. ред.) [и др.]},
  year          = {2013},
  pages         = {205--216},
  publisher     = {Минск},
  language      = {russian},
  shorthand 	= {Пивоварчик.О.В.СемантЯОТРПООЗ-2013ст},
  annotation 	= {В работе описаны семантические языки представления знаний, используемые для создания баз знаний интеллектуальных help-систем для разработчиков программ, ориентированных на обработку знаний}
}

%35
@INPROCEEDINGS{Shunkevich2014,
  author    = {Д. В. Шункевич},
  title     = {Машина обработки знаний интеллектуальной метасистемы поддержки проектирования интеллектуальных систем},
  booktitle = {Открытые семантические технологии проектирования интеллектуальных систем (OSTIS-2014) : материалы IV Междунар. науч.-техн. конф., Минск, 20–22 февр. 2014 г.},
  organization  = {Белорус. гос. ун-т информатики и радиоэлектроники ; редкол.: В. В. Голенков (отв. ред.) [и др.]},
  year          = {2014},
  pages         = {93--96},
  publisher     = {Минск},
  language      = {russian},
  shorthand 	= {Шункевич.Д.В.МашинаОЗИМППИС-2014ст},
  annotation 	= {Данная статья посвящена принципам организации и функционирования машин обработки знаний интеллектуальных систем в целом, лежащим в основе технологии проектирования машин обработки знаний в рамках технологии OSTIS. В качестве примера применения такой технологии рассматривается машина обработки знаний интеллектуальной метасистемы IMS.OSTIS, направленной на поддержку проектирования интеллектуальных систем}
}

%36
@INPROCEEDINGS{Shunkevich2017a,
  author    = {D.V. Shunkevich},
  title     = {Ontology-based design of knowledge processing machines},
  booktitle = {Open semantic technologies for intelligent systems},
  year          = {2017},
  pages         = {73--94},
  series        = {Iss. 1},
  publisher     = {Minsk : BSUIR},
  language      = {english},
  shorthand 	= {Shunkevich.D.V.OntologyDKPM-2017ст},
  annotation 	= {Работа посвящена разработке технологии проектирования машин обработки знаний интеллектуальных систем, в основе которой лежат онтологическая модель самой машины и онтологическая модель процесса проектирования}
}

%38
@INPROCEEDINGS{Zhukov2017,
  author    = {Борискин, А. С. and Жуков, И. И. and Корончик, Д. Н. and Садовский, М. Е. and Хусаинов, А. Ф.},
  title     = {Онтологическое проектирование пользовательских интерфейсов интеллектуальных систем},
  booktitle = {Открытые семантические технологии проектирования интеллектуальных систем},
  year          = {2017},
  pages         = {95--106},
  series        = {Вып. 1},
  publisher     = {Минск : БГУИР},
  language      = {russian},
  shorthand 	= {Жуков.И.И.ОнтологППИИС-2017ст},
  annotation 	= {В работе рассмотрен онтологический подход к проектированию пользовательских интерфейсов, в основе которого лежит представление пользовательского интерфейса в виде специализированной встроенной интеллектуальной подсистемы, предназначенной для реализации обмена информацией между интеллектуальной системой и её пользователями}
}

%39
@INPROCEEDINGS{Koronchik2011,
  author    = {Д. Н. Корончик},
  title     = {Семантическая технология компонентного проектирования пользовательских интерфейсов интеллектуальных систем},
  booktitle = {Открытые семантические технологии проектирования интеллектуальных систем (OSTIS-2011) : материалы Междунар. науч.-техн. конф., Минск, 10–12 февр. 2011 г.},
  organization  = {Белорус. гос. ун-т информатики и радиоэлектроники ; редкол.: В. В. Голенков (отв. ред.) [и др.]},
  year          = {2011},
  pages         = {293--304},
  publisher     = {Минск},
  language      = {russian},
  shorthand 	= {Корончик.Д.Н.СемантТКППИИС-2011ст},
  annotation 	= {В работе приводится описание технологии проектирования пользовательских интерфейсов для интеллектуальных систем, основанных на семантических сетях}
}

%40
@INPROCEEDINGS{Koronchik2012,
  author    = {Д. Н. Корончик},
  title     = {Cемантические модели мультимодальных пользовательских интерфейсов и семантическая технология их проектирования},
  booktitle = {Открытые семантические технологии проектирования интеллектуальных систем (OSTIS-2012) : материалы Междунар. науч.-техн. конф., Минск, 16–18 февр. 2012 г.},
  organization  = {Белорус. гос. ун-т информатики и радиоэлектроники ; редкол.: В. В. Голенков (отв. ред.) [и др.]},
  year          = {2011},
  pages         = {339--346},
  publisher     = {Минск},
  language      = {russian},
  shorthand 	= {Корончик.Д.Н.СемантММПИСТП-2011ст},
  annotation 	= {В работе описана технология проектирования пользовательских интерфейсов интеллектуальных систем. Приводится описание семантической модели пользовательских интерфейсов, которая является основной описываемой технологии. Предложенная в данной работе технология позволяет проектировать мультимодальные пользовательские интерфейсы на основе готовых совместимых компонентов}
}

%41
@INPROCEEDINGS{Koronchik2013interface,
  author    = {Д. Н. Корончик},
  title     = {Унифицированные семантические модели пользовательских интерфейсов интеллектуальных систем и технология их компонентного проектирования},
  booktitle = {Открытые семантические технологии проектирования интеллектуальных систем (OSTIS-2013) : материалы III Междунар. науч.-техн. конф., Минск, 21–23 февр. 2013 г.},
  organization  = {Белорус. гос. ун-т информатики и радиоэлектроники ; редкол.: В. В. Голенков (отв. ред.) [и др.]},
  year          = {2013},
  pages         = {403--406},
  publisher     = {Минск},
  language      = {russian},
  shorthand 	= {Корончик.Д.Н.УнифицСМПИИСТКП-2013ст},
  annotation 	= {В работе описывается пример использования и реализации модели пользовательского интерфейса интеллектуальной системы. Поэтапно описывается процесс получения запросов от пользователя, и вывод ответов на них}
}

%42
@INPROCEEDINGS{Koronchik2014,
  author    = {Д. Н. Корончик},
  title     = {Пользовательский интерфейс интеллектуальной метасистемы поддержки проектирования интеллектуальных систем},
  booktitle = {Открытые семантические технологии проектирования интеллектуальных систем (OSTIS-2014) : материалы Междунар. науч.-техн. конф., Минск, 20–22 февр. 2014 г.},
  organization  = {Белорус. гос. ун-т информатики и радиоэлектроники ; редкол.: В. В. Голенков (отв. ред.) [и др.]},
  year          = {2014},
  pages         = {79--82},
  publisher     = {Минск},
  language      = {russian},
  shorthand 	= {Корончик.Д.Н.ПользоватИИМППИС-2014ст},
  annotation 	= {В работе описывается реализованный пользовательский интерфейс для интеллектуальной метасистемы поддержки проектирования интеллектуальных систем, которая располагается по адресу http://ims.ostis.net. В рамках статьи рассмотрены команды доступные пользователю в рамках ПИ, компоненты, которые реализованы для его функционирования и основные идеи, которые лежат в его основе}
}

%43
@INPROCEEDINGS{Eliseeva2014,
  author    = {О. Е. Елисеева},
  title     = {Семантическое концептуальное проектирование естественно-языкового интерфейса интеллектуальной системы},
  booktitle = {Открытые семантические технологии проектирования интеллектуальных систем (OSTIS-2014) : материалы IV Междунар. науч.-техн. конф., Минск, 20–22 февр. 2014 г.},
  organization  = {Белорус. гос. ун-т информатики и радиоэлектроники ; редкол.: В. В. Голенков (отв. ред.) [и др.]},
  year          = {2014},
  pages         = {321--332},
  publisher     = {Минск},
  language      = {russian},
  shorthand     = {Елисеева.О.Е.СемантКПЕЯИИС-2014ст},
  annotation    = {В работе осуществляется проектирование концепции естественно-языкового интерфейса интеллектуальных систем на основе открытой семантической технологии проектирования интеллектуальных систем OSTIS.}
}

%44
@INPROCEEDINGS{Zhukov2014,
  author    = {И. И. Жуков and Н. В. Гракова},
  title     = {Система управления проектированием интеллекуальных систем},
  booktitle = {Открытые семантические технологии проектирования интеллектуальных систем (OSTIS-2013) : материалы III Междунар. науч.-техн. конф., Минск, 21–23 февр. 2013 г.},
  organization  = {Белорус. гос. ун-т информатики и радиоэлектроники ; редкол.: В. В. Голенков (отв. ред.) [и др.]},
  year          = {2013},
  pages         = {453--456},
  publisher     = {Минск},
  language      = {russian},
  shorthand     = {Жуков.И.И.СистемаУПИС-2013мк},
  annotation    = {В работе приводится обоснование актуальности создания системы управления проектированием интеллектуальных систем, рассмотрены основные принципы, на основе которых осуществляется построение системы управления проектирования.}
}

%45
@Inproceedings{Shunkevich2015,
  author       = {Д. В. Шункевич and И. Т. Давыденко and Д. Н. Корончик and А. В. Губаревич and А. С. Борискин},
  title        = {Методика компонентного проектирования систем, управляемых знаниями},
  booktitle    = {Открытые семантические технологии проектирования интеллектуальных систем (OSTIS-2015) : материалы V Междунар. науч.-техн. конф., Минск, 19--21 февр. 2015 г.},
  organization = {Белорус. гос. ун-т информатики и радиоэлектроники ; редкол.: В. В. Голенков (отв. ред.) [и др.]},
  year         = {2015},
  pages        = {93-110},
  publisher    = {Минск},
  language     = {russian},
  shorthand    = {Шункевич.Д.В.СистемаУПИС-2013ст},
  annotation   = {В данной работе рассматривается методика проектирования систем, управляемых знаниями, по технологии OSTIS. В работе подробно рассматривается процесс разработки систем на примере справочной системы по геометрии, описаны процессы расширения базы знаний, машины обработки знаний и пользовательского интерфейса системы.}
}

%46
@Inproceedings{Shunkevich2015a,
  author    = {Д. В. Шункевич and И. Т. Давыденко and Д. Н. Корончик and И. И. Жуков and А. В. Паркалов},
  title     = {Средства поддержки компонентного проектирования систем, управляемых знаниями},
  booktitle = {Открытые семантические технологии проектирования интеллектуальных систем (OSTIS-2015) : материалы V Междунар. науч.-техн. конф., Минск, 19–21 февр. 2015 г.},
  organization = {Белорус. гос. ун-т информатики и радиоэлектроники ; редкол.: В. В. Голенков (отв. ред.) [и др.]},
  year      = {2015},
  pages     = {79-88},
  publisher = {Минск},
  language  = {russian},
  shorthand    = {Шункевич.Д.В.СредстваПКПСУЗ-2015ст},
  annotation   = {В работе рассматривается подход к проектированию систем, управляемых знаниями, ориентированный на использование совместимых многократно используемых компонентов, что существенно сокращает трудоемкость разработки таких систем.}
}

%47
@InProceedings{Golenkov2019a,
  author       = {V. V. Golenkov and D. V. Shunkevich and I. T. Davydenko and N. A. Grakova},
  title        = {Principles of organization and automation of the semantic computer systems development},
  booktitle    = {Open semantic technologies for intelligent systems},
  year         = {2019},
  pages        = {53-90},
  publisher    = {Minsk : BSUIR},
  series       = {Iss. 3},
  language     = {english},
  shorthand    = {Golenkov.V.V.PrinciplesOASCSD-2019ст},
  annotation   = {Работа посвящена принципам разработки семантических компьютерных систем нового поколения на основе Открытой семантической технологии проектирования интеллектуальных систем (Технологии OSTIS). Обоснованы преимущества перехода от традиционных компьютерных систем к семантическим компьютерным системам с точки зрения процесса их проектирования, а также рассмотрены преимущества реализации средств автоматизации проектной деятельности как семантических компьютерных систем.}
}

%48
@InProceedings{Ivashenko2015,
  author       = {В. П. Ивашенко and Н. Л. Вереник and А. И. Гирель and Е. Н. Сейткулов and М. М. Татур},
  title        = {Представление семантических сетей и алгоритмы их организации и семантической обработки на вычислительных системах с массовым параллелизмом},
  booktitle    = {Открытые семантические технологии проектирования интеллектуальных систем (OSTIS-2015) : материалы V междунар. науч.-техн. конф., Минск, 19–21 февр. 2015 г.},
  organization = {Белорус. гос. ун-т информатики и радиоэлектроники ; редкол.: В. В. Голенков (отв. ред.) [и др.]},
  year         = {2015},
  pages        = {133-140},
  publisher    = {Минск},
  language     = {russian},
  shorthand    = {Ивашенко.В.П.ПредставССАОСОВСМП-2015ст},
  annotation   = {В работе приводится описание способов и некоторых алгоритмов организации хранения и представления семантических сетей в архитектуре проблемно-ориентированного семантического процессора. Рассмотрена возможность применения разработанных алгоритмов для решения прикладных задач.}
}

%49
@InProceedings{Ivashenko2016,
  author       = {В. П. Ивашенко and М. М. Татур},
  title        = {Принципы платформенной независимости и платформенной реализации {OSTIS}},
  booktitle    = {Открытые семантические технологии проектирования интеллектуальных систем (OSTIS-2016) : материалы VI междунар. науч.-техн. конф., Минск, 18–20 февр. 2016 г.},
  organization = {Белорус. гос. ун-т информатики и радиоэлектроники ; редкол.: В. В. Голенков (отв. ред.) [и др.]},
  year         = {2016},
  pages        = {145-150},
  publisher    = {Минск},
  language     = {russian},
  shorthand    = {Ивашенко.В.П.ПринципыПНПР-2016ст},
  annotation   = {В работе рассматривается подход к спецификации платформ, их сравнению и принципы их реализации, рассматриваются виды платформенной независимости и даются схемы построения платформенно независимых компонентов интеллектуальных систем, использующих в качестве языка представления знаний однородные семантические сети с теоретико-множественной интерпретацией.}
}

%50
@InProceedings{Kayeshko2016,
  author       = {А. И. Каешко},
  title        = {Принципы и программная реализация взаимодействия sc-хранилища проекта {OSTIS} и программного обеспечения на платформе .{N}et {F}ramework},
  booktitle    = {Открытые семантические технологии проектирования интеллектуальных систем (OSTIS-2016) : материалы VI междунар. науч.-техн. конф., Минск, 18–20 февр. 2016 г.},
  organization = {Белорус. гос. ун-т информатики и радиоэлектроники ; редкол.: В. В. Голенков (отв. ред.) [и др.]},
  year         = {2016},
  pages        = {151-154},
  publisher    = {Минск},
  language     = {russian},
  shorthand    = {Каешко.А.И.ПринципыПРВSПOПОПNF-2016мк},
  annotation   = {В работе рассматривается вопрос практического использования программной реализации sc-памяти проекта OSTIS в связке с программным обеспечением, реализованным на языке C#, рассматриваются команды sctp-протокола для сетевого взаимодействия с sc-хранилищем.}
}

%51
@INPROCEEDINGS{Koronchik2013a,
  author    = {Д. Н. Корончик},
  title     = {Реализация хранилища унифицированных семантических сетей},
  booktitle = {Открытые семантические технологии проектирования интеллектуальных систем (OSTIS-2013) : материалы Междунар. науч.-техн. конф., Минск, 21–23 февр. 2013 г.},
  organization  = {Белорус. гос. ун-т информатики и радиоэлектроники ; редкол.: В. В. Голенков (отв. ред.) [и др.]},
  year          = {2013},
  pages         = {125--129},
  publisher     = {Минск},
  language      = {russian},
  shorthand     = {Корончик.Д.Н.РеализХУСС-2013мк},
  annotation    = {В работе описана одна из возможных реализаций хранилища унифицированных семантических сетей. Приводится описание принципов хранения элементов семантической сети и связей между этими элементами.}
}

%52
@Inproceedings{Koronchik2015,
  author    = {Д. Н. Корончик},
  title     = {Реализация платформы для web-ориентированных систем, управляемых знаниями},
  booktitle = {Открытые семантические технологии проектирования интеллектуальных систем (OSTIS-2015) : материалы V Междунар. науч.-техн. конф., Минск, 19–21 февр. 2015 г.},
  organization = {Белорус. гос. ун-т информатики и радиоэлектроники ; редкол.: В. В. Голенков (отв. ред.) [и др.]},
  year      = {2015},
  pages     = {89-92},
  publisher = {Минск},
  language  = {russian},
  shorthand     = {Корончик.Д.Н.РеализПWСУЗ-2015мк},
  annotation    = {В работе приводится описание технической реализации платформы для web-ориентированных систем, управляемых знаниями. Описаны основные принципы, которые лежат в основе платформы: ориентация на коллективную разработку базы знаний, возможность отображения (редактирования) базы знаний на различных внешних языках и их отображение в режиме реального времени.}
}

%53
@Article{Ostis-dev2017,
  title         = {Software implementation of semantic network storage and processing [{E}lectronic resource]},
  journal       = {GitHub},
  note          = {Mode of access: \url{https://github.com/ostis-dev/sc-machine}. --- Date of access: 22.05.2018},
  language      = {english},
  shorthand     = {SoftISNSP-эл},
  annotation    = {***}
}

%54
@Article{SC-WEB2017,
  title         = {The sc-web enchancement [{E}lectronic resource]},
  journal       = {GitHub},
  note          = {Mode of access: \url{https://github.com/Ivan-Zhukau/sc-web}. --- Date of access: 22.05.2018},
  language      = {english},
  shorthand     = {ScWE-эл},
  annotation    = {***}
}

%55
@MISC{IMS2017,
    Title       = {Метасистема {IMS}.ostis [Электронный ресурс]},
    Note        = {Режим доступа: \url{http://ims.ostis.net}. --- Дата доступа: 01.06.2017},
    language    = {russian},   
    shorthand   = {МетасистIMS-эл},
    annotation  = {Метасистема IMS.ostis представляет собой комплекс моделей, средств и методов, предназначенного для постоянного обновления и совершенствования технологии OSTIS.} 
}

%56
@Inproceedings{Gulyakina2011,
  author    = {Н. А. Гулякина and О. В. Пивоварчик},
  title     = {Комплексная методика проектирования и обучения проектированию интеллектуальных справочных систем},
  booktitle = {Открытые семантические технологии проектирования интеллектуальных систем (OSTIS-2011) : материалы Междунар. науч.-техн. конф., Минск, 10–12 февр. 2011 г.},
  organization = {Белорус. гос. ун-т информатики и радиоэлектроники ; редкол.: В. В. Голенков (отв. ред.) [и др.]},
  year      = {2011},
  pages     = {519-522},
  publisher = {Минск},
  language  = {russian},
  shorthand     = {Гулякина.Н.А.КомплексМПОПИСС-2011мк},
  annotation    = {В работе рассматривается комплексная методика проектирования и комплексная методика обучения проектированию интеллектуальных справочных систем.}
}

%57
@Inproceedings{Gulyakina2017,
  author    = {Гулякина, Н. А. and Гракова, Н. В. and Пивоварчик, О. В. and Федотова, А. В.},
  title     = {Онтологическое проектирование интеллектуальных систем учебного назначения},
  booktitle = {Открытые семантические технологии проектирования интеллектуальных систем},
  pages     = {239--244},
  publisher = {Минск : БГУИР},
  year      = {2017},
  series    = {Вып. 1},
  language  = {russian},
  shorthand     = {Гулякина.Н.А.ОнтологичПИСУН-2017ст},
  annotation    = {В работе рассматривается ключевая проблема высшего образования, а именно несоответствие между возможностями традиционных подходов к обучению и тем объёмом фактических знаний и навыков, которыми должен обладать современный выпускник учебного заведения.}
}

%58
@Inproceedings{Davydenko2011,
  author    = {И. Т. Давыденко and В. А. Житко and С. С. Заливако and Д. Н. Корончик and С. Г. Мошенко and О. Ю. Савельева},
  title     = {Интеллектуальная справочная система по геометрии},
  booktitle = {Открытые семантические технологии проектирования интеллектуальных систем (OSTIS-2011) : материалы Междунар. науч.-техн. конф., Минск, 10–12 февр. 2011 г.},
  organization = {Белорус. гос. ун-т информатики и радиоэлектроники ; редкол.: В. В. Голенков (отв. ред.) [и др.]},
  year      = {2011},
  pages     = {463-482},
  publisher = {Минск},
  language  = {russian},
  shorthand     = {Давыденко.И.Т.ИнтеллектССГ-2011ст},
  annotation    = {В работе приводится описание интеллектуальной справочной системы по геометрии, спроектированной на основе открытой семантической технологии компонентного проектирования интеллектуальных систем.}
}

%59
@Inproceedings{Eliseeva2013,
  author    = {О. Е. Елисеева and К. В. Русецкий},
  title     = {Компонентное проектирование интеллектуальной обучающей системы для подготовки школьников к централизованному тестированию по иностранным языкам},
  booktitle = {Открытые семантические технологии проектирования интеллектуальных систем (OSTIS-2013) : материалы Междунар. науч.-техн. конф., Минск, 21–23 февр. 2013 г.},
  organization = {Белорус. гос. ун-т информатики и радиоэлектроники ; редкол.: В. В. Голенков (отв. ред.) [и др.]},
  year      = {2013},
  pages     = {511-516},
  publisher = {Минск},
  language  = {russian},
  shorthand     = {Елисеева.О.Е.КомпонентПИОСПШЦТИЯ-2013ст},
  annotation    = {В работе представлено компонентное проектирование интеллектуальной обучающей системы для подготовки к централизованному тестированию по иностранному языку. Выделенные компоненты ИОС позволяют выполнять разработку отдельных ее частей почти автономно с участием специалистов различного профиля.}
}

%60
@Inproceedings{Pivovarchik2015,
  author    = {О. В. Пивоварчик},
  title     = {Компонентная архитектура интеллектуальной системы консультационного обслуживания и обучения разработчиков программ},
  booktitle = {Открытые семантические технологии проектирования интеллектуальных систем (OSTIS-2015) : материалы Междунар. науч.-техн. конф., Минск, 19–21 февр. 2015 г.},
  organization = {Белорус. гос. ун-т информатики и радиоэлектроники ; редкол.: В. В. Голенков (отв. ред.) [и др.]},
  year      = {2015},
  pages     = {141-148},
  publisher = {Минск},
  language  = {russian},
  shorthand     = {Пивоварчик.О.В.КомпонентАИСКООРП-2015ст},
  annotation    = {В данной статье обоснована необходимость создания интеллектуальных компьютерных средств обучения в области программирования, имеющих открытую многокомпонентную архитектуру. В статье представлена общая компонентная архитектура системы и семантические модели каждого ее компонента.}
}

%61
@Inproceedings{Pivovarchik2016,
  author    = {О. В. Пивоварчик},
  title     = {Семантическая модель пользователя интеллектуальной справочной системы по проектированию программ},
  booktitle = {Открытые семантические технологии проектирования интеллектуальных систем (OSTIS-2016) : материалы VI Междунар. науч.-техн. конф., Минск, 18–20 февр. 2016 г.},
  organization = {Белорус. гос. ун-т информатики и радиоэлектроники ; редкол.: В. В. Голенков (отв. ред.) [и др.]},
  year      = {2016},
  pages     = {521-526},
  publisher = {Минск},
  language  = {russian},
  shorthand     = {Пивоварчик.О.В.СемантичМПИССПП-2016ст},
  annotation    = {В работе проведен анализ существующих моделей пользователя и перечислены способы адаптации компьютерных систем к пользователю. Предложена семантическая модель пользователя справочной системы по проектированию программ, ориентированных на обработку баз знаний.}
}

%62
@Inproceedings{Parkalov2012,
  author    = {А. В. Паркалов},
  title     = {Применение нейронных и семантических сетей для сегментации растровых изображений земной поверхности},
  booktitle = {Открытые семантические технологии проектирования интеллектуальных систем (OSTIS-2012) : материалы II Междунар. науч.-техн. конф., Минск, 16–18 февр. 2012 г.},
  organization = {Белорус. гос. ун-т информатики и радиоэлектроники ; редкол.: В. В. Голенков (отв. ред.) [и др.]},
  year      = {2012},
  pages     = {527-530},
  publisher = {Минск},
  language  = {russian},
  shorthand     = {Паркалов.А.В.ПрименениеНСССРИЗП-2012мк},
  annotation    = {В статье рассматривается возможность применения нейросетевых и семантических технологий для сегментации растровых изображений земной поверхности в задаче построения векторной карты местности. Описана реализация нейросетевого подхода решения задачи сегментации и первичной классификации сегментов.}
}

%63
@Inproceedings{Samodumkin2011,
  author    = {С. А. Самодумкин and С. И. Сорока and А. И. Махина and А. С. Глазунов},
  title     = {Семантическая технология компонентного проектирования интеллектуальных геоинформационных систем},
  booktitle = {Открытые семантические технологии проектирования интеллектуальных систем (OSTIS-2011) : материалы II Междунар. науч.-техн. конф., Минск, 10–12 февр. 2011 г.},
  organization = {Белорус. гос. ун-т информатики и радиоэлектроники ; редкол.: В. В. Голенков (отв. ред.) [и др.]},
  year      = {2011},
  pages     = {505-514},
  publisher = {Минск},
  language  = {russian},
  shorthand     = {Самодумкин.С.А.СемантичТКПИГС-2011ст},
  annotation    = {В работе рассмотрена технология проектирования интеллектуальных геоинформационных систем на основе открытой семантической технологии компонентного проектирования интеллектуальных систем.}
}

%64
@Inproceedings{Samodumkin2012,
  author    = {С. А. Самодумкин},
  title     = {Интеллектуальные геоинформационные системы},
  booktitle = {Открытые семантические технологии проектирования интеллектуальных систем (OSTIS-2012) : материалы II Междунар. науч.-техн. конф., Минск, 16–18 февр. 2012 г.},
  organization = {Белорус. гос. ун-т информатики и радиоэлектроники ; редкол.: В. В. Голенков (отв. ред.) [и др.]},
  year      = {2012},
  pages     = {521-526},
  publisher = {Минск},
  language  = {russian},
  shorthand     = {Самодумкин.С.А.ИнтеллектГС-2012ст},
  annotation    = {Рассмотрены принципы и подходы к проектированию интеллектуальных геоинформационных систем. В основу предлагаемого подхода положено понятие семантической модели интеллектуальной геоинформационной системы и кодирование информации с использованием семантического SC-кода.}
}

%65
@Inproceedings{Samodumkin2012a,
  author    = {S. A. Samodumkin},
  title     = {Semantic Technology of Intellectual Geoinformation Systems Development},
  booktitle = {Open semantic technologies for intelligent systems},
  year      = {2019},
  pages     = {231--236},
  publisher = {Minsk : BSUIR},
  series    = {Iss. 3},
  language  = {english},
  shorthand = "Samodumkin.S.A.SemanticTIGSD-2019ст",
  annotation = "Работа содержит описание семантических технологий развития интеллектуальных геоинформационных систем."
}

%66
@InProceedings{Taberko2017,
  author   = {В. В. Таберко and Д. С. Иванюк and В. В. Голенков and И. Т. Давыденко and К. В. Русецкий and Д. В. Шункевич and В. В. Захаров and В. П. Ивашенко and Д. Н. Корончик},
  title    = {Онтологическое проектирование предприятий рецептурного производства на основе онтологий},
  booktitle    = {Открытые семантические технологии проектирования интеллектуальных систем},
  pages    = {265--280},
  publisher= {Минск : БГУИР},
  year     = {2017},
  series   = {Вып. 1},
  language = {russian},
  shorthand = "Таберко.В.В.ОнтологичППРПОО-2017ст",
  annotation = "В работе рассматривается онтологическое проектирование предприятий рецептурного производства на основе онтологий."
}

%67
@Inproceedings{Taberko2018,
  author    = {В. В. Таберко and Д. С. Иванюк and and В. В. Касьяник and В. А. Головко and Н. А. Гулякина and К. В. Русецкий and Д. В. Шункевич and А. С. Борискин and Н. В. Гракова},
  title     = {Проектирование предприятия рецептурного производства в контексте направления {Industry} 4.0},
  booktitle = {Открытые семантические технологии проектирования интеллектуальных систем},
  year      = {2018},
  pages     = {307-320},
  publisher = {Минск : БГУИР},
  series   = {Вып. 2},
  language  = {russian},
  shorthand = "Таберко.В.В.ПроектированиеПРПКНI-2018ст",
  annotation = "В работе рассматривается проектирование предприятия рецептурного производства в контексте направления {Industry}."
}

%68
@Inproceedings{Fedotova2015,
  author    = {А. В. Федотова and И. Т. Давыденко},
  title     = {Онтологическое моделирование технического обслуживания},
  booktitle = {Открытые семантические технологии проектирования интеллектуальных систем (OSTIS-2015) : материалы Междунар. науч.-техн. конф., Минск, 19–21 февр. 2015 г.},
  organization = {Белорус. гос. ун-т информатики и радиоэлектроники ; редкол.: В. В. Голенков (отв. ред.) [и др.]},
  year      = {2015},
  pages     = {429-438},
  publisher = {Минск},
  language  = {russian},
  shorthand = "Федотова.А.В.ОнтологичМТО-2015ст",
  annotation = "Работа содержит описание онтологического моделирования технического обслуживания."
}

%69
@Inproceedings{Taberko2019,
  author    = {В. В. Таберко and Д. С. Иванюк and and В. В. Касьяник and В. А. Головко and К. В. Русецкий and Д. В. Шункевич and Н. В. Гракова},
  title     = {Принципы построения системы комплексного информационного обслуживания сотрудников предприятия рецептурного производства},
  booktitle = {Открытые семантические технологии проектирования интеллектуальных систем},
  year      = {2019},
  pages     = {215--224},
  publisher = {Минск : БГУИР},
  series    = {Вып. 3},
  language  = {russian},
  shorthand = "Таберко.В.В.ПринципыПСКИОСПРП-2019ст",
  annotation = "Работа содержит описание принципов построения системы комплексного информационного обслуживания сотрудников предприятия рецептурного производства."
}

%70
@Inproceedings{Hubarevich2017,
  author    = {А. В. Губаревич and О. Л. Моросин and Д. В. Ланде},
  title     = {Онтологическое проектирование интеллектуальных систем в области истории},
  booktitle = {Открытые семантические технологии проектирования интеллектуальных систем},
  year      = {2017},
  pages     = {245-250},
  publisher = {Минск : БГУИР},
  series    = {Вып. 1},
  language  = {russian},
  shorthand = "Губаревич.А.В.ОнтологичПИСОИ-2017ст",
  annotation = "В работе описывается онтологическое проектирование интеллектуальных систем в области истории."
}

%71
@Inproceedings{Hubarevich2018,
  author    = {А. В. Губаревич and С. П. Витязь and Р. Б. Григянец},
  title     = {Структура баз знаний в интеллектуальных системах по истории},
  booktitle = {Открытые семантические технологии проектирования интеллектуальных систем},
  year      = {2018},
  pages     = {347-350},
  publisher = {Минск : БГУИР},
  series    = {Вып. 2},
  language  = {russian},
  shorthand = "Губаревич.А.В.СтруктураБЗИСИ-2018мк",
  annotation = "В работе рассматривается структура баз знаний в интеллектуальных системах по истории."
}

%72
@Inproceedings{Kayeshko2015,
  author    = {А. И. Каешко and Е. А. Маргунов},
  title     = {Принципы построения клинической системы поддержки принятия решений на основе технологии {OSTIS}},
  booktitle = {Открытые семантические технологии проектирования интеллектуальных систем (OSTIS-2015) : материалы Междунар. науч.-техн. конф., Минск, 19–21 февр. 2015 г.},
  organization = {Белорус. гос. ун-т информатики и радиоэлектроники ; редкол.: В. В. Голенков (отв. ред.) [и др.]},
  year      = {2015},
  pages     = {149-156},
  publisher = {Минск},
  language  = {russian},
  shorthand = "Каешко.А.И.ПринципыПКСППРОТ-2015ст",
  annotation = "В работе рассматривается принципы построения клинической системы поддержки принятия решений на основе технологии {OSTIS}."
}

%73
@Inproceedings{Rodionova2018,
  author    = {В. Н. Ростовцев and О. С. Родионова},
  title     = {Принципы построения ostis-системы автоматической диагностики},
  booktitle = {Открытые семантические технологии проектирования интеллектуальных систем},
  year      = {2018},
  pages     = {341--346},
  publisher = {Минск : БГУИР},
  series    = {Вып. 2},
  language  = {russian},
  shorthand = "Ростовцев.В.Н.ПринципыПOСАД-2015ст",
  annotation = "В работе описываются принципы построения ostis-системы автоматической диагностики."
}

%74
@Inproceedings{Koronchik2016,
  author    = {Д. Н. Корончик},
  title     = {«Умный дом», управляемый знаниями},
  booktitle = {Открытые семантические технологии проектирования интеллектуальных систем (OSTIS-2016) : материалы Междунар. науч.-техн. конф., Минск, 18–20 февр. 2016 г.},
  organization = {Белорус. гос. ун-т информатики и радиоэлектроники ; редкол.: В. В. Голенков (отв. ред.) [и др.]},
  year      = {2016},
  pages     = {155-158},
  publisher = {Минск},
  language  = {russian},
  shorthand = "Корончик.Д.Н.УмныйДУЗ-2016мк",
  annotation = "В работе описывается «Умный дом», управляемый знаниями."
}

%75
@Inproceedings{Titenkov2017,
  author    = {Титенков, П. В. and Каешко, А. И.},
  title     = {Принципы построения интеллектуальных интеграторов информационных сервисов на основе технологии {OSTIS}},
  booktitle = {Открытые семантические технологии проектирования интеллектуальных систем},
  year      = {2017},
  pages     = {381-388},
  publisher = {Минск : БГУИР},
  series    = {Вып. 1},
  language  = {russian},
  shorthand = "Титенков.П.В.ПринципыПИИИСОТO-2017ст",
  annotation = "В работе описываются принципы построения интеллектуальных интеграторов информационных сервисов на основе технологии {OSTIS}."
}

%76
@InProceedings{Kayeshko2018,
  author       = {А. И. Каешко and А. А. Казаков},
  title        = {Принципы проектирования систем поддержки информационно-аналитической деятельности на основе открытой семантической технологии проектирования интеллектуальных систем},
  booktitle    = {Открытые семантические технологии проектирования интеллектуальных систем},
  year         = {2018},
  pages        = {325--330}, 
  publisher    = {Минск : БГУИР},
  series       = {Вып. 2},
  language     = {russian},
  shorthand = "Каешко.А.И.ПринципыПСПИАДООСТПИС-2018ст",
  annotation = "В работе описываются принципы проектирования систем поддержки информационно-аналитической деятельности на основе открытой семантической технологии проектирования интеллектуальных систем."
}

%77
@InProceedings{Boyko2016,
  author        = {Boyko, I.},
  title         = {Semantic classification of actions for knowledge inference},
  booktitle     = {Открытые семантические технологии проектирования интеллектуальных систем (OSTIS-2016) : материалы VI Междунар. науч.-техн. конф., Минск, 18--20 февр. 2016 г.},
  organization  = {Белорус. гос. ун-т информатики и радиоэлектроники ; редкол.: В. В. Голенков (отв. ред.) [и др.]},
  publisher     = {Минск},
  year          = {2016},
  pages         = {115--124},
  language      = {english},
  booklanguage  = {russian},
  shorthand = "Boyko.I.SemanticCAKI-2016ст",
  annotation = "В работе рассматривается семантическая классификация действий для вывода знаний."
}

%78
@InProceedings{Hubarevich2018a,
  author        = {Hubarevich, N. and Boyko, I. and Semenyaka, A. and Hardzei, A.},
  title         = {Knowledge acquisition based on natural language texts},
  booktitle     = {Open semantic technologies for intelligent systems},
  publisher     = {Minsk : BSUIR},
  year          = {2018},
  pages         = {199--207},
  series        = {Iss. 2},
  language      = {english},
  shorthand = "Hubarevich.N.KnowledgeABNLT-2018ст",
  annotation = "В работе описывается подход приобретение знаний на основе текстов на естественном языке."
}

%79
@Article{Golenkov2018a,
  author   = {В. В. Голенков and В. А. Головко and В. П. Ивашенко and В. В. Таберко and Д. С. Иванюк and А. А. Крощенко and М. В. Ковалев},
  title    = {Интеграция искусственных нейронных сетей с базами знаний},
  journal  = {Онтология проектирования},
  year     = {2018},
  number   = {3(29)},
  pages    = {133--146},
  language = {russian},
  shorthand = "Голенков.В.В.ИнтеграцияИНСБЗ-2018ст",
  annotation = "В работе описывается интеграция искусственных нейронных сетей с базами знаний."
}

%80
@InProceedings{Golovko2019,
  author        = {Головко, В. А. and Крощенко, В. А. and Таберко, В. В. and Иванюк, Д. С. and Ивашенко, В. П. and Ковалев, М. В.},
  title         = {Принципы построения систем принятия решений на основе интеграции нейросетевых и семантических моделей},
  booktitle     = {Открытые семантические технологии проектирования интеллектуальных систем},
  publisher     = {Минск : БГУИР},
  year          = {2019},
  series        = {Вып. 3},
  pages         = {91--102},
  language      = {russian},
  shorthand = "Головко.В.А.ИнтеграцияИНСБЗ-2019ст",
  annotation = "В работе описываются принципы построения систем принятия решений на основе интеграции нейросетевых и семантических моделей."
}

%81
@InProceedings{Zachariev2018,
  author       = {В. А. Захарьев and И. С. Азаров and К. В. Русецкий},
  title        = {Подход к устранению речевых неоднозначностей на основе семантико-акустического анализа},
  booktitle    = {Открытые семантические технологии проектирования интеллектуальных систем},
  year         = {2018},
  pages        = {211--222}, 
  publisher     = {Минск : БГУИР},
  series        = {Вып. 2},
  language     = {russian},
  shorthand = "Захарьев.В.А.ПодходУРНОСАА-2019ст",
  annotation = "В работе описывается подход к устранению речевых неоднозначностей на основе семантико-акустического анализа."
}

%82
@InProceedings{Zachariev2019,
  author        = {Захарьев, В. А. and Ляхор Т. В. and Губаревич А. В. and Азаров И. С.},
  title         = {Семантический анализ речевых сообщений на основе формализованного контекста},
  booktitle     = {Открытые семантические технологии проектирования интеллектуальных систем},
  publisher     = {Минск : БГУИР},
  series        = {Вып. 3},
  year          = {2019},
  pages         = {103--112},
  language      = {russian},
  shorthand = "Захарьев.В.А.СемантическийАРСОФК-2019ст",
  annotation = "Работа содержит семантический анализ речевых сообщений на основе формализованного контекста."
}

%83
@InProceedings{Iskra2019,
  author        = {Искра, Н. А. and Искра, В. В. and Лукашевич М. М.},
  title         = {Нейросетевое распознавание изображений с использованиием онтологического подхода},
  booktitle     = {Открытые семантические технологии проектирования интеллектуальных систем},
  publisher     = {Минск : БГУИР},
  year          = {2019},
  series        = {Вып. 3},
  pages         = {113--122},
  language      = {russian},
  shorthand = "Искра.Н.А.НейросетевоеРИИОП-2019ст",
  annotation = "Работа содержит подход нейросетевого распознавания изображений с использованиием онтологического подхода."
}

%84
@BOOK{Schenk1980,
  author    = {Шенк, Р.},
  title     = {Обработка концептуальной информации : пер. с англ.},
  editor    = {под ред. В. М. Брябрина},
  address   = {М.\space},
  publisher = {Энергия},
  year      = {1980},
  numpages  = {361},
  language  = {russian},
  shorthand = "Шенк.Р.ОбработкаКИ-1980кн",
  annotation = "В книге излагается формальная теория обработки и понимания текстов на естественном языке."
}

%85
@INPROCEEDINGS{Khakhalyn2008,
  author        = {Хахалин, Г. К. and Воскресенский, А. Л.},
  title         = {Мультизадачное использование прикладной онтологии},
  booktitle     = {Одиннадцатая национальная конференция по искусственному интеллекту с международным участием, Дубна, 28 сентября -- 3 октября 2008 г. : КИИ-2008 : тр. конф. : в 3 т.},
  organization  = {Рос. ассоц. искусств. интеллекта.},
  volume        = {3},
  publisher     = {М.},
  year          = {2008},
  pages         = {112--123},
  language      = {russian},
  shorthand = "Хахалин.Г.К.МультизадачноеИПО-2008ст",
  annotation = "Работа содержит описание мультизадачного использования прикладной онтологии."
}
 
@MISC{AGI2017,
  title     = {{Artificial General Intelligence} [{E}lectronic resource]},
  note      = {Mode of access: \url{http://agi-conf.org/}. --- Date of access: 22.05.2018},
  timestamp = {2018.05.22},
  language  = {english},
  shorthand = "ArtificialGI-2017эл",
  annotation= "***"
  % Написано 2017, а дата 2018?
}

@BOOK{AIRefBookP11990,
  title         = {Искусственный интеллект справочник : в 3 кн. – М. : Радио и связь, 1990. – Кн. 1 : Системы общения и экспертные системы},
  editor        = {Э. В. Попов [и др.]},
  numpages      = {460},
  language      = {russian},
  shorthand     = "Попов.Э.В.ИскуственныйИССОЭС-1990кн",
  annotation    = "В данной книге описаны системы общения и экспертные системы"
  % Нет автора
}

@BOOK{AIRefBookP21990,
  title         = {Искусственный интеллект справочник : в 3 кн. – М. : Радио и связь, 1990. – Кн. 2 : Модели и методы},
  editor        = {Д. А. Поспелов},
  numpages      = {304},
  language      = {russian},
  shorthand     = "Поспелов.Д.А.ИскуственныйИСММ-1990кн",
  annotation    = "***"
  % Модели и методы чего?
}

@BOOK{AIRefBookP31990,
  title         = {Искусственный интеллект справочник : в 3 кн. – М. : Радио и связь, 1990. – Кн. 3 : Программные и аппаратные средства},
  editor        = {В. Н. Захаров and В. Ф. Хорошевский},
  numpages      = {368},
  language      = {russian},
  shorthand     = "Захаров.В.Н.ИскуственныИСПАС-1990кн",
  annotation    = "***"
}

@BOOK{AIDictionary1992,
  compiler  = {А. Н. Аверкин and М. Г. Гаазе-Рапопорт and Д. А. Поспелов and И. Н. Листопад and А. Б. Прокудин and Е. Н. Щербаков},
  title     = {Толковый словарь по искусственному интеллекту},
  publisher = {М. : Радио и связь},
  year      = {1992},
  numpages  = {254},
  language  = {russian},
  shorthand = "Аверкин.А.Н.ТолковыйСИИ-1992кн",
  annotation = "***"
}

@BOOK{Russel2010,
  author        = {Russel, S. and Norvig, P.},
  title         = {Artificial intelligence: a modern approach},
  edition       = {3rd},
  address       = {Upper Saddle River\space},
  publisher     = {Prentice Hall},
  year          = {2010},
  numpages      = {1150},
  language      = {english},
  shorthand     = "Russel.S.ArtificialIMA-2010кн",
  annotation    = "***"
}

@BOOK{Luger2003,
  author        = {Дж. Ф. Люгер},
  title         = {Искусственный интеллект. Стратегии и методы решения сложных проблем},
  publisher     = {М. : Вильямс},
  year          = {2003},
  numpages      = {864},
  language      = {russian},
  shorthand     = "Люгер.Дж.Ф.ИскусствИСМРСП-2003кн",
  annotation    = "В данной книге описаны стратегии и методы решения проблем, связанных с искусственным интелектом"
}

@Article{Gribova2015a,
  author   = {В. В. Грибова and А. С. Клещев and Д. А. Крылов and Ф. М. Москаленко and В. А. Тимченко and Е. А. Шалфеева},
  title    = {Базовая технология разработки интеллектуальных сервисов на облачной платформе {IACP}aa{S}. Ч. 1. Разработка базы знаний и решателя задач},
  journal  = {Програм. инженерия},
  year     = {2015},
  number   = {12},
  pages    = {3--11},
  language = {russian},
  shorthand = "Грибова.В.В.БазоваяТРИСОПРБЗРЗ-2015ст",
  annotation = "В данной работе описана технология разработки базы знаний и решателя задач"
}

@INPROCEEDINGS{Phylyppov2016,
  author        = {Филиппов, А. А. and Мошкин, В. С. and Шалаев, Д. О. and Ярушкина, Н. Г.},
  title         = {Единая онтологическая платформа интеллектуального анализа данных},
  booktitle     = {Открытые семантические технологии проектирования интеллектуальных систем (OSTIS-2016) : материалы VI Междунар. науч.-техн. конф., Минск, 18--20 февр. 2016 г.},
  organization  = {Белорус. гос. ун-т информатики и радиоэлектроники ; редкол.: В. В. Голенков (отв. ред.) [и др.]},
  publisher     = {Минск},
  year          = {2016},
  pages         = {77--82},
  language      = {russian},
  shorthand     = "Филипов.А.А.ЕдинаяОПИАД-2016ст",
  annotation    = "В данной работе описана единая онтологическая платформа интеллектуального агализа данных"
}

@BOOK{Zhagorulko1987,
  author    = {Загорулько, Ю. А.},
  title     = {Технология конструирования средств обработки знаний на основе семантических сетей. Общая схема и базовые средства},
  address   = {Новосибирск\space},
  publisher = {ВЦ СО АН СССР},
  year      = {1987},
  numpages  = {30},
  note      = {(Препринт / Вычисл. центр Сиб. отд-ния Акад. наук ; \textnumero ~749)},
  language  = {russian},
  shorthand = "Загорулько.Ю.А.ТехнологияКСОЗОССОСБС-1987кн",
  annotation = "В данной книге описана технология коструирования средств обработки знаний на основе семантических сетей, общая схема и базовые средства"
}

@BOOK{Zhagorulko1988,
  author    = {Загорулько, Ю. А.},
  title     = {Технология конструирования средств обработки знаний на основе семантических сетей. Средства спецификации и настройки},
  address   = {Новосибирск\space},
  publisher = {ВЦ СО АН СССР},
  year      = {1988},
  numpages  = {24},
  note      = {(Препринт / Вычисл. центр Сиб. отд-ния Акад. наук ; \textnumero ~793)},
  language  = {russian},
  shorthand = "Загорулько.Ю.А.ТехнологияКСОЗОССССН-1988кн",
  annotation = "В данной книге описана технология коструирования средств обработки знаний на основе семантических сетей, средства спецификации и настройки"
}

@INPROCEEDINGS{Zhagorulko2013b,
  author        = {Загорулько, Ю. А.},
  title         = {Технологии разработки интеллектуальных систем, основанные на интегрированной модели представления знаний},
  booktitle     = {Открытые семантические технологии проектирования интеллектуальных систем (OSTIS-2013) : материалы III Междунар. науч.-техн. конф., Минск, 16--18 февр. 2013 г.},
  organization  = {Белорус. гос. ун-т информатики и радиоэлектроники ; редкол.: В. В. Голенков (отв. ред.) [и др.]},
  publisher     = {Минск},
  year          = {2013},
  pages         = {31--42},
  language      = {russian},
  shorthand     = "Загорулько.Ю.А.ТехнологииРИСОИМПЗ-2013ст",
  annotation    = "В данной работе описана технология разработки интеллектуальных систем, основанная на интегрированной модели представления знаний"
  }
  
  @INPROCEEDINGS{Zhagorulko2013a,
  author        = {Загорулько, Г. Б. and Загорулько, Ю. А.},
  title         = {Подход к интеграции разнородных методов поддержки принятия решений для сложных задач},
  booktitle     = {Открытые семантические технологии проектирования интеллектуальных систем (OSTIS-2013) : материалы III Междунар. науч.-техн. конф., Минск, 16--18 февр. 2013 г.},
  organization  = {Белорус. гос. ун-т информатики и радиоэлектроники ; редкол.: В. В. Голенков (отв. ред.) [и др.]},
  publisher     = {Минск},
  year          = {2013},
  pages         = {265--268},
  language      = {russian},
  shorthand     = "Загорулько.Г.Б.ПодходИРМППРСЗ-2013ст",
  annotation    = "В данной работе описан подход к интеграции разнородных методов поддержки принятия решений для сложных задач"
}

@INPROCEEDINGS{Zhagorulko2016,
  author        = {Загорулько, Г. Б. and Загорулько, Ю. А.},
  title         = {Подход к организации комплексной поддержки процесса разработки интеллектуальных СППР в слабоформализованных предметных областях},
  booktitle     = {Открытые семантические технологии проектирования интеллектуальных систем (OSTIS-2016) : материалы VI Междунар. науч.-техн. конф., Минск, 18--20 февр. 2016 г.},
  organization  = {Белорус. гос. ун-т информатики и радиоэлектроники ; редкол.: В. В. Голенков (отв. ред.) [и др.]},
  publisher     = {Минск},
  year          = {2016},
  pages         = {61--64},
  language      = {russian},
  shorthand     = "Загорулько.Г.Б.ПодходОКППРИССПРСПО-2016ст",
  annotation    = "Работа содержит описание подхода к организации комплексной поддержки процесса разработки интеллектуальных СППР в слабоформализованных предметных областях"
}

@ARTICLE{Gribova2011,
  author        = {Грибова, В. В. and Клещев, А. С. and Крылов, Д. А. and Москаленко, Ф. М. and Смагин, С. В. and Тимченко, В. А. and Тютюнник, М. Б. and Шалфеева, Е. А.},
  title         = {Проект {IACP}aa{S}. Комплекс для интеллектуальных систем на основе облачных вычислений},
  journal       = {Искусств. интеллект и принятие решений},
  year          = {2011},
  number        = {1},
  pages         = {27--35},
  language      = {russian},
  shorthand     = "Грибова.В.В.ПроектIACPaaSКИСООВ-2011ст",
  annotation    = "В данной работе описан проект {IACP}aa{S} и комплекс интеллектуальных систем на основе облачных вычислений"
}

@Book{Rubina2010,
  author    = {Г. В. Рыбина},
  title     = {Основы построения интеллектуальных систем : учеб. пособие},
  publisher = {М. : Финансы и статистика : Инфра-М},
  year      = {2010},
  numpages  = {430},
  language  = {russian},
  shorthand = "Рыбина.Г.В.ОсновыПИСУП-2010кн",
  annotation = "В данной книге описаны основы построения интеллектуальных систем"
}

@ARTICLE{Tushkanova2019,
  author        = {Тушканова, О. Н. and Самойлов, В. В.},
  title         = {Knowledge {N}et: модель и система накопления, представления и использования знаний и данных},
  journal       = {Онтология проектирования},
  year          = {2019},
  volume        = {9},
  number        = {31},
  pages         = {117--131},
  language      = {russian},
  shorthand     = "Тушканова.О.Н.KnowledgeNМСНПИЗД-2019ст",
  annotation    = "Работа содерджит описание модели и системы накопления, представления и использования знаний и данных Knowledge Net"
}

@BOOK{Martynov1974,
  author        = {Мартынов, В. В.},
  title         = {Семиологические основы информатики},
  address       = {Минск\space},
  publisher     = {Наука и техника},
  year          = {1974},
  numpages      = {192},
  language      = {russian},
  shorthand     = "Мартынов.В.В.СемиологОИ-1974кн",
  annotation    = "В книге описаны семиологические основы информатики"
}

@BOOK{Martynov1977,
  author        = {Мартынов, В. В.},
  title         = {Универсальный семантический код: Грамматика. Словарь. Тексты},
  address       = {Минск\space},
  publisher     = {Наука и техника},
  year          = {1977},
  numpages      = {189},
  language      = {russian},
  shorthand     = "Мартынов.В.В.УниверсСКГСТ-1977кн",
  annotation    = "В данной книге описан универсальный семантический код"
}

@BOOK{Martynov1984,
  author        = {Мартынов, В. В.},
  title         = {Универсальный семантический код: УСК-3},
  address       = {Минск\space},
  editor        = {под ред. А. Е. Михневича},
  publisher     = {Наука и техника},
  year          = {1984},
  numpages      = {132},
  language      = {russian},
  shorthand     = "Мартынов.В.В.УниверсСКУСК-1984кн",
  annotation    = "В данной книге описан универсальный семантический код"
}

@article{DBLP:journals/corr/ManinM16,
  author    = {Yuri I. Manin and
               Matilde Marcolli},
  title     = {Semantic Spaces},
  journal   = {CoRR},
  volume    = {abs/1605.04238},
  year      = {2016},
  url       = {http://arxiv.org/abs/1605.04238},
  archivePrefix = {arXiv},
  eprint    = {1605.04238},
  timestamp = {Mon, 13 Aug 2018 16:47:28 +0200},
  biburl    = {https://dblp.org/rec/bib/journals/corr/ManinM16},
  bibsource = {dblp computer science bibliography, https://dblp.org},
  shorthand = "Manin.Y.I.SemanticS-2016ст",
  annotation = "***"
}

%107
@article{DBLP:journals/corr/abs-1102-1889,
  author    = {David I. Spivak and Robert E. Kent},
  title     = {Ologs: a categorical framework for knowledge representation},
  journal   = {CoRR},
  volume    = {abs/1102.1889},
  year      = {2011},
  url       = {http://arxiv.org/abs/1102.1889},
  archivePrefix = {arXiv},
  eprint    = {1102.1889},
  timestamp = {Mon, 13 Aug 2018 16:48:05 +0200},
  biburl    = {https://dblp.org/rec/bib/journals/corr/abs-1102-1889},
  bibsource = {dblp computer science bibliography, https://dblp.org},
  language = {English},
  shorthand = {David.I.Spivak.OlogsCFKR-2011ст},
  annotation = {***}
}

%108
@misc{prez2015formalizing,
    author={Marco A. Pérez and David I. Spivak},
	title={Toward formalizing ologs: Linguistic structures, instantiations, and mappings},
	year={2015},
	eprint={1503.08326},
	archivePrefix={arXiv},
	primaryClass={math.CT},
    language = {English},
    shorthand = {Marco.A.Pérez.TowardFOLSIM-2015ст},
    annotation = {***}
}

%109
@MISC{Masafumi2014,
  author    = {Oizumi, M. and Albantakis, L. and Tononi, G.},
  title     = {From the {P}henomenology to the {M}echanisms of {C}onsciousness: {I}ntegrated {I}nformation {T}heory 3.0},
  note      = {Mode of access: \url{https://www.ncbi.nlm.nih.gov/pmc/articles/PMC4014402/}. --- Date of access: 08.05.2014},
  timestamp = {2014.05.08},
  language  = {English},
  shorthand = {Oizumi.M.FromPMCII-2014ст},
  annotation = {В данной статье представлена интегрированная теория информации(IIT) сознания 3.0}
}

%110
@MISC{Tononi2016,
  author    = {Tononi, G.},
  title     = {Integrated information theory: from consciousness to its physical substrate},
  note      = {Mode of access: \url{https://www.ncbi.nlm.nih.gov/pubmed/27225071}. --- Date of access: 26.05.2016},
  timestamp = {2016.05.26},
  language  = {English},
  shorthand = {Tononi.G.IntergratedITCPS-2016ст},
  annotation = {Работа содержит описание как интегрированная теория информации учитывает несколько аспектов отношений между сознанием и мозгом}
}

%111
@Book{Alor-Hernandes2017,
  title     = {Current trends on knowledge-based systems },
  publisher = {Springer},
  address   = {Cham\space},
  year      = {2017},
  editor    = {G. Alor-Hernández and R. Valencia-Garcia},
  numpages  = {290},
  language  = {english},
  shorthand = {Alor-Hernández.G.CurrentTKBS-2017кн},
  annotation = {В этой книге представлены исследования по внедрению концептуальных основ, стратегий, методов, методологий, информационных платформ и моделей для разработки современных систем, основанных на знаниях}
}

%112
@BOOK{Dutta1993,
  author    = {Dutta, S.},
  title     = {Knowledge processing and applied artificial intelligence},
  publisher = {Oxford : Butterworth-Heinemann},
  year      = {1993},
  numpages  = {353},
  language  = {english},
  shorthand = {Dutta.S.KnowledgePAAI-1993кн},
  annotation = {В данной книге представлены обсуждения бизнес потенциала обработки знаний и рассматриваются аспекты прикладной технологии искусственого интеллекта}
}

%113
@BOOK{Jackson1998,
  author    = {Jackson, P.},
  title     = {Introduction to expert systems},
  edition   = {3rd},
  address   = {Boston\space},
  publisher = {Addison-Wesley},
  year      = {1998},
  numpages  = {542},
  language  = {english},
  shorthand = {Jackson.P.IntroES-1998кн},
  annotation = {***}
}

%114
@INPROCEEDINGS{Pau1990,
  author        = {Pau, L. F.},
  title         = {Knowledge-Based Processing},
  booktitle     = {Computer vision for electronics manufacturing},
  publisher     = {Boston},
  year          = {1990},
  pages         = {127--131},
  language      = {english},
  shorthand = {Pau.L.F.KnowledgeBP-1990ст},
  annotation = {***}
}

%115
@BOOK{Waterman1985,
  author        = {Waterman, D.},
  title         = {A guide to expert systems},
  address       = {Boston},
  publisher     = {Addison-Wesley},
  year          = {1985},
  numpages      = {419},
  language      = {english},
  shorthand = {Waterman.D.GuideES-1985кн},
  annotation = {Книга содержит описание экспертных систем}
}

%116
@Article{RDF,
    key         = {INTERNET},
    title       = {{RDF} 1.1 concepts and abstract syntax [{E}lectronic resource]},
    journal     = {World Wide Web Consortium},
    Note        = {Mode of access: \url{https://www.w3.org/TR/rdf11-concepts}. --- Date of access: 22.05.2018},
    language    = {english},
    shorthand = {RDFCAS-2018эл},
    annotation = {Официальный сайт, описывающий язык RDF 1.1}
}

%117
@ARTICLE{Gruber1993,
  author        = {Gruber, A. and Thomas, R.},
  title         = {Translation Approach to Portable Ontology Specifications},
  journal       = {Knowledge Acquisition},
  year          = {1993},
  volume        = {5},
  number        = {5},
  pages         = {199--220},
  language      = {english},
  shorthand = {Gruber.A.TranslationAPOS-1993ст},
  annotation = {***}
}

%118
@Article{KIF2017,
  title     = {Knowledge Interchange Format Specification [{E}lectronic resource]},
  journal   = {Stanford Logic Group},
  note      = {Mode of access: \url{http://logic.stanford.edu/kif/specification.html}. --- Date of access: 22.05.2018},
  language  = {english},
  shorthand = {KnowledgeIFS-2018эл},
  annotation = {Официальный сайт, описывающий спецификацию языка KIF}
}

%119
@Article{OWL,
  title         = {{OWL 2 W}eb {O}ntology {L}anguage document overview [{E}lectronic resource]},
  journal       = {World Wide Web Consortium (W3C)},
  note          = {Mode of access: \url{http://www.w3.org/TR/owl2-overview}. --- Date of access: 22.05.2018},
  language      = {english},
  shorthand = {OWLWOLDO-2018эл},
  annotation = {Официальный сайт, описывающий язык OWL 2}
}

%120
@Article{OWLImplementations,
  title         = {{OWL I}mplementations [{E}lectronic resource]},
  journal       = {World Wide Web Consortium (W3C)},
  note          = {Mode of access: \url{https://www.w3.org/2001/sw/wiki/OWL/Implementations/}. --- Date of access: 22.05.2018},
  language      = {english},
  shorthand = {OWLI-2018эл},
  annotation = {Официальный сайт, описывающий применение языка OWL}
}

%121
@Article{SPARQL2013,
    key         = {INTERNET},
    title       = {{SPARQL} 1.1 {O}verview [{E}lectronic resource]},
    journal     = {World Wide Web Consortium},
    Note        = {Mode of access: \url{https://www.w3.org/TR/sparql11-overview}. --- Date of access: 22.05.2018},
    language    = {english},
    shorthand = {SPARQLO-2018эл},
    annotation = {Официальный сайт, описывающий язык SPARQL 1.1}   
}

%122
@MISC{W3C2017,
  title             = {World {W}ide {W}eb {C}onsortium ({W3C}) [{E}lectronic resource]},
  note              = {Mode of access: \url{https://www.w3.org/}. --- Date of access: 22.05.2018},
  timestamp         = {2018.05.22},
  language          = {english},
  shorthand = {WorldWWC-2018эл},
  annotation = {Официальный сайт W3C}
}

%123
@BOOK{Beniaminov2003,
  author        = {Е. М. Бениаминов},
  title         = {Алгебраические методы в теории баз данных и баз знаний},
  publisher     = {М. : Науч. мир},
  year          = {2003},
  numpages      = {184},
  language      = {russian},
  shorthand = {Бениаминов.Е.М.АлгебраМТБДБЗ-2003кн},
  annotation = {Книга содержит описание алгебраических средств моделирования баз данных реляционного типа, представления знаний и баз понятий}
}

%124
@Book{Lapshin2010,
  author    = {В. А. Лапшин},
  title     = {Онтологии в компьютерных системах},
  publisher = {М. : Науч. мир},
  year      = {2010},
  numpages  = {224},
  language  = {russian},
  shorthand = {Лапшин.В.А.ОнтологииКС-2010кн},
  annotation = {Книга содержит описание конкретных реализаций систем конструирования онтологий}
}

%125
@BOOK{Gladkov2006,
  author    = {Гладков, Л. А. and Курейчик, В. В. and Курейчик, В. М.},
  title     = {Генетические алгоритмы : учеб. пособие},
  edition   = {2-е испр. и доп.},
  address   = {М.\space},
  publisher = {Физматлит},
  year      = {2006},
  numpages  = {320},
  language  = {russian},
  shorthand = {Гладков.Л.А.ГенетА-2006кн},
  annotation = {Книга содержит описание фундаментальных основ генетических алгоритмов и эволюционного моделирования}
}

%126
@BOOK{Emelyanov2003,
  author    = {Емельянов, В. В. and Курейчик, В. В. and Курейчик, В. М.},
  title     = {Теория и практика эволюционного моделирования},
  address   = {М.\space},
  publisher = {Физматлит},
  year      = {2003},
  numpages  = {432},
  language  = {russian},
  shorthand = {Емельянов.В.В.ТеорияПЭМ-2003кн},
  annotation = {Книга содержит описание генетических и синергетических подходов, а также средства эволюционного моделирования}
}

%127
@BOOK{Ephymov1982,
  author    = {Ефимов, Е. И.},
  title     = {Решатели интеллектуальных задач},
  address   = {М.\space},
  publisher = {Наука},
  year      = {1982},
  numpages  = {320},
  language  = {russian},
  shorthand = {Ефимов.Е.И.РешателиИЗ-1982кн},
  annotation = {Книга посвящана рассмотрению элементов теории интеллектуальных решателей и ее практических приложений}
}

%128
@BOOK{Kachro1988,
  author        = {Кахро, М. В. and Калья, А. П. and Тыугу, Э. Х.},
  title         = {Инструментальная система программирования ЕС ЭВМ (ПРИЗ)},
  address       = {М.\space},
  publisher     = {Финансы и статистика},
  year          = {1988},
  numpages      = {181},
  language      = {russian},
  shorthand = {Кахро.М.В.ИнструмСПЕСЭВМ-1988кн},
  annotation = {В книге описывается оригинальная отечественная разработка - система программирования ПРИЗ. Ориентированное на создание всевозможных прикладных программ, снабжённых проблемно-ориентированными языками высокого уровня, система ПРИЗ обеспечивает существенныое повышение производительности труда программистов.}
}

%129
@BOOK{Polya1975,
  author        = {Пойа, Д.},
  title         = {Математика и правдоподобные рассуждения},
  editor        = {пер. с англ. И. А. Ванштейна ; под ред. С. А. Яновской},
  address       = {М.\space},
  publisher     = {Наука},
  year          = {1975},
  numpages      = {463},
  language      = {russian},
  shorthand = {Пойа.Д.МатематикаПР-1975кн},
  annotation = {В книге описивается какими путями добываются новые факты в математике, с какой степенью доверия следует относиться к той или иной математической гипотезе}

}

%130
@InProceedings{Vladimirov2010,
  author        = {Владимиров, А. Н. and Варламов, О. О. and Носов, А. В. and Потапова, Т. С.},
  title         = {Программный комплекс <<УДАВ>>: практическая реализация активного обучаемого логического ввода с линейной вычислительной сложностью на основе миварной сети правил},
  booktitle     = {Труды НИИР : сб. науч ст.},
  organization  = {Науч.-исслед. ин-т радио},
  year          = {2010},
  publisher     = {М.},
  number        = {1},
  pages         = {108--116},
  language      = {russian},
  shorthand = {Владимиров.А.Н.ПрограмКУПРАОЛВЛВСОМСП-2010ст},
  annotation = {***}
}

%131
@Article{Grin2017,
  title     = {{GRaph INterface (GRIN)} [Электронный ресурс]},
  journal   = {Теория графов},
  note      = {Режим доступа: \url{http://graph-software.narod.ru/}. --- Дата доступа: 14.05.2018},
  timestamp = {2018.05.14},
  language  = {russian},
  shorthand = {GraphI-2018эл},
  annotation = {Графовый редактор}
}

%132
@MISC{Grafoanalizator,
  title     = {Графоанализатор [Электронный ресурс]},
  note      = {Режим доступа: \url{http://grafoanalizator.unick-soft.ru}. --- Дата доступа: 01.06.2018},
  timestamp = {2018.06.01},
  language  = {russian},
  shorthand = {ГрафоА-2018эл},
  annotation = {Среда для визуализации графов и обработки с применением различных алгоритмов, всего около 20 различных алгоритмов}
}

%133
@INPROCEEDINGS{Khurbatov2016,
  author        = {Курбатов, С. С. and Лобзин, А. П. and Хахалин, Г. К.},
  title         = {Программное обеспечение для автоматического решения задач по планиметрии},
  booktitle     = {Открытые семантические технологии проектирования интеллектуальных систем (OSTIS-2016) : материалы VI Междунар. науч.-техн. конф., Минск, 18--20 февр. 2016 г.},
  organization  = {Белорус. гос. ун-т информатики и радиоэлектроники ; редкол.: В. В. Голенков (отв. ред.) [и др.]},
  publisher     = {Минск},
  year          = {2016},
  pages         = {159--164},
  language      = {russian},
  shorthand = {Курбатов.С.С.ПрограмОАРЗП-2016ст},
  annotation = {В статье рассмотрена система автоматического решения задач по планиметрии с использованием онтологии и естественно-языкового интерфейса. В рамках системы разработано программное обеспечение, использующее онтологию при поиске решения задачи, сформулированной на предметно-ориентированном естественном языке. Для найденного решения разработана визуализация на предметном и онтологическом уровнях. Программное обеспечение включает макросы Word для работы с графикой и решатель, реализованный в программной среде онтологии}
}

%134
@BOOK{Podkholzyn2008,
  author        = {Подколзин, А. С.},
  title         = {Компьютерное моделирование логических процессов: архитектура решателя и язык решателя задач},
  address       = {М.\space},
  publisher     = {Физматлит},
  year          = {2008},
  numpages      = {1024},
  language      = {russian},
  shorthand = {Подколзин.А.С.КомпьютМЛПАРЯРЗ-2008кн},
  annotation = {В книге представлено описание разработанного автором пакета прикладных программ "Логическая система "Искра"", обобщающего многолетний опыт компьютерного моделирования логических процессов, в результате которого возникла развитая технология обучения "решателя". В основном моделировались процессы решения математических задач}
}

%135
@INPROCEEDINGS{Taranchuk2015,
  author        = {Таранчук, В. Б.},
  title         = {Wolfram Mathematica -- средства и технологии разработки интеллектуальных обучающих систем},
  booktitle     = {Открытые семантические технологии проектирования интеллектуальных систем (OSTIS-2015) : материалы V Междунар. науч.-техн. конф., Минск, 19–21 февр. 2015 г.},
  organization  = {Белорус. гос. ун-т информатики и радиоэлектроники ; редкол.: В. В. Голенков (отв. ред.) [и др.]},
  publisher     = {Минск},
  year          = {2015},
  pages         = {339--346},
  language      = {russian},
  shorthand = {Таранчук.В.Б.WolframMСТРИОС-2015ст},
  annotation = {В работе описаны новые возможности и рекомендации применения технологий Wolfram Research для создания и сопровождения интеллектуальных обучающих систем. Приведены примеры из практики подготовки учебных материалов дисциплины «Компьютерная графика»}
}

%136
@MISC{WolframAlpha,
  title         = {Wolfram {A}lpha [{E}lectronic resource]},
  note          = {Mode of access: \url{http://www.wolframalpha.com/}. --- Date of access: 22.05.2018},
  timestamp     = {2018.05.22},
  language      = {english},
  shorthand = {WolframA-2018эл},
  annotation = {Официальный сайт вопросно-ответной системы, базы знаний и набора вычислительных алгоритмов WolframAlpha}
}

%137
@ARTICLE{Leschev2006,
  author    = {Лещев, В. А. and Семенов, А. Ф. and Кеменов, И. А. and Конюхов, И. А.},
  title     = {Агентно-ориентированная технология проектирования},
  journal   = {Програм. продукты и системы},
  year      = {2006},
  number    = {1},
  pages     = {23--29},
  language  = {russian},
  shorthand = {Лещев.В.А.АгетноОТП-2006ст},
  annotation = {Рассмотрены некоторые проблемы современных МАС, в частности, проблема отсутствия унификации}
}

%138
@ARTICLE{Gorodetsky1998,
  author    = {Городецкий, В. И. and Грушинский, М. С. and Хабалов, А. В.},
  title     = {Многоагентные системы (обзор)},
  journal   = {Новости искусств. интеллекта},
  year      = {1998},
  number    = {2},
  pages     = {64--116},
  language  = {russian},
  shorthand = {Городецкий.В.И.МногоагентС-1998ст},
  annotation = {Работа содержит описание многоагентных систем}
}

%139
@ARTICLE{Gorodetsky2015,
  author    = {Городецкий, В. И. and Самойлов, В. В. and Троцкий, Д. В.},
  title     = {Базовая онтология коллективного поведения автономных агентов и ее расширения},
  journal   = {Изв. Рос. акад. наук. Теория и системы упр.},
  year      = {2015},
  number    = {5},
  pages     = {102--121},
  language  = {russian},
  shorthand = {Городецкий.В.И.БазоваяОКПААЕР-2015ст},
  annotation = {Онтологический подход к проектированию многоагентных систем}
}

%140
@ARTICLE{Davydov2006,
  author    = {Давыдов, А. А.},
  title     = {О компьютационной теории социальных агентов},
  journal   = {Социс.},
  year      = {2006},
  number    = {2},
  pages     = {19--28},
  language  = {russian},
  shorthand = {Давыдов.А.А.КомпьютацТСА-2006ст},
  annotation = {Многоагентный подход к моделированию социальных процессов}
}

%141
@INPROCEEDINGS{Zhamyatyna2015,
  author        = {Замятина, Е. Б. and Каримов, Д. Ф. and Митраков, А. А.},
  title         = {Опыт разработки системы имитации, основанной на агентах},
  booktitle     = {Открытые семантические технологии проектирования интеллектуальных систем (OSTIS-2015) : материалы V Междунар. науч.-техн. конф., Минск, 19--21 февр. 2015 г.},
  organization  = {Белорус. гос. ун-т информатики и радиоэлектроники ; редкол.: В. В. Голенков (отв. ред.) [и др.]},
  publisher     = {Минск},
  year          = {2015},
  pages         = {597--604},
  language      = {russian},
  shorthand = {Замятина.Е.Б.ОпытРСИОА-2015ст},
  annotation = {В работе рассматривается экспериментальная система имитационного моделирования, основанная на агентах и особенности ее реализации. Обсуждаются вопросы целесообразности применения агентных систем имитации для решения ряда задач, выдвигаются требования, которые необходимо применять при их разработке, особенности организации систем имитации}
}

%142
@ARTICLE{Raghovsky2011,
  author        = {Раговский, А. П.},
  title         = {Интеллектуальная многоагентная система дедуктивного вывода на основе сетевой организации},
  journal       = {Искусств. интеллект и принятие решений},
  year          = {2011},
  number        = {2},
  pages         = {73--86},
  language      = {russian},
  shorthand = {Раговский.А.П.ИнтеллектМСДВОСО-2011ст},
  annotation = {В статье рассматриваются вопросы практической реализации методов теории многоагентных систем в организации интеллектуальной прикладной системы, которая в качестве основного механизма обработки знаний использует процедуру дедуктивного вывода. Исследуются задачи создания модели агентов, а также организации многоагентной системы. Разрабатывается механизм опосредованной централизованной коммуникации интеллектуальных агентов. Обсуждаются архитектура и принципы функционирования интеллектуальной прикладной многоагентной системы}
}

%143
@ARTICLE{Scrypkin2016,
  author        = {Скрипкин, С. К.},
  title         = {Концептуальное моделирование энергетических систем на основе интеграции агентно-базированных платформ},
  journal       = {Информ. и мат. технологии в науке и упр.},
  year          = {2016},
  number        = {1},
  pages         = {123--131},
  language      = {russian},
  shorthand = {Скрипкин.С.К.КонцептМЭСОИАБП-2016ст},
  annotation = {В данной работе исследуются варианты конструкции ядра промежуточного программного обеспечения, основанного на семиотических мета-агентах, которые могут использоваться для расширения функциональных возможностей интегрированных агентных платформ, необходимых для моделирования энергетических систем}
}

%144
@ARTICLE{Stephaniuk1967,
  author        = {Стефанюк, В. Л. and Цетлин, М. Л.},
  title         = {О регулировке мощности в коллективе радиостанций},
  journal       = {Проблемы передачи информ.},
  year          = {1967},
  volume        = {3},
  number        = {4},
  pages         = {59--67},
  language      = {russian},
  shorthand   = {Стефанюк.В.Л.РегулМКР-1967ст},
  annotation  = {Рассматривается принцип взаимодействия автоматов через общую среду для коллективного решения задачи, при этом высказывается тезис о том, что среда взаимодействия и среда, в которой находятся автоматы, это одна и та же среда}
}

%145
@BOOK{Tarasov2002,
  author        = {Тарасов, В. Б.},
  title         = {От многоагентных систем к интеллектуальным организациям: философия, психология, информатика},
  address       = {М.\space},
  publisher     = {Эдиториал УРСС},
  year          = {2002},
  numpages      = {348},
  language      = {russian},
  shorthand = {Тарасов.В.Б.МногоагентСИОФПИ-2002кн},
  annotation = {Книга содержит описание теории агентов, многоагентных систем и интеллектуальных организаций. Исследованы пути создания искусственных сообществ и интеллектуальных организаций}
}

%146
@BOOK{Tsetlyn1969,
  author    = {Цетлин, М. Л.},
  title     = {Исследования по теории автоматов и моделированию биологических систем},
  address   = {М.\space},
  publisher = {Наука},
  year      = {1969},
  numpages  = {316},
  language  = {russian},
  shorthand = {Цетлин М.Л.ИсследТАМБС-1969кн},
  annotation = {Можно считать первой отечественной работой по МАС}
}

%147
@MISC{AAMAS2017,
  title     = {Autonomous Agents and Multi-Agent Systems [{E}lectronic resource]},
  note      = {Mode of access: \url{http://www.springer.com/computer/ai/journal/10458}. --- Date of access: 01.06.2017},
  timestamp = {2017.06.01},
  language  = {English},
  shorthand = {AutoAMAS-2017эл},
  annotation = {Журнал о МАС}
}

%148
@Article{Rumbell2012,
  author    = {Rumbell, T. and Barnden, J. and Denham, S. and Wennekers, T.},
  title     = {Emotions in autonomous agents: comparative analysis of mechanisms and functions},
  journal   = {Autonomous Agents a. Multi-Agent Systems},
  month     = {June},
  year      = {2012},
  volume    = {25},
  number    = {1},
  pages     = {1--45},
  language  = {english},
  shorthand = {Rumbell.T.EmotionsAACAMF-2012ст},
  annotation = {Подход к регулированию деятельности агентов на основе эмоций}
}

%149
@ARTICLE{Excelente-Toledo2004,
  author    = {Excelente-Toledo, C. B. and Jennings, N. R.},
  title     = {The Dynamic Selection of Coordination Mechanisms},
  journal   = {Autonomous Agents a. Multi-Agent Systems},
  year      = {2004},
  volume    = {9},
  number    = {1/2},
  pages     = {55--85},
  language  = {english},
  shorthand = {Excelente-Toledo.C.B.DynamicSCM-2004ст},
  annotation = {В статье рассматривается структура принятия решений, которая позволяет автономным агентам динамически выбирать механизм, который они используют для координации их взаимосвязанных действий}
}

%150
@Article{ACL,
  title     = {{FIPA ACL} message structure specification [{E}lectronic resource]},
  journal   = {The Foundation for Intelligent Physical Agent},
  note      = {Mode of access: \url{http://www.fipa.org/specs/fipa00061/SC00061G.html}. --- Date of access: 01.06.2017},
  language  = {English},
  shorthand = {FIPAACLMSS-2017эл},
  annotation = {Стандарт языка взаимодействия агентов}
}

%151
@CONFERENCE{Hartung2008,
  author        = {Hartung, R. L. and Hakansson, A.},
  title         = {Using Meta-agents to Reason with Multiple Ontologies},
  booktitle     = {Lecture Notes in Computer Science},
  year          = {2008},
  number        = {4953},
  pages         = {261--270},
  language      = {english},
  shorthand = {Harting.R.L.UsingMARWMO-2008ст},
  annotation = {Механизм метаагентов для управления агентами более низкого уровня}
}

%152
@BOOK{Jagannathan1989,
  author    = {Jagannathan, V. and Dodhiawala, K. and Baum, L.},
  title     = {Blackboard architectures and applications},
  address   = {New York\space},
  publisher = {Academic Press},
  year      = {1989},
  numpages  = {556},
  language  = {english},
  shorthand = {Jagannathan.V.BlackboardAA-1989кн},
  annotation = {Принцип “доски объявлений”}
}

%153
@INPROCEEDINGS{Finin1994,
  author        = {Finin, T. and Fritzson, R. and McKay, D. and McEntire, R.},
  title         = {{KQML} as an agent communication language},
  booktitle     = {CIKM’94 : proc. of the third Intern. Conf. on Inform. a. Knowledge Management, Gaithersburg, 29 Nov. -- 2 Dec. 1994},
  organization  = {Assoc. for Computing},
  publisher     = {New York},
  year          = {1994},
  pages          = {456--463},
  language      = {english},
  shorthand = {Finin.T.KQMLACL-1994ст},
  annotation = {В статье описывается разработка и эксперименты с языком запросов и манипулирования знаниями (KQML), языком и протоколом для обмена информацией и знаниями}
}

%154
@ARTICLE{NagendraPrasad1999,
  author        = {Nagendra Prasad, M. V. and Lesser, V. R.},
  title         = {Learning Situation-Specific Coordination in Cooperative Multi-agent Systems},
  journal       = {Autonomous Agents a. Multi-Agent Systems},
  year          = {1999},
  volume        = {2},
  number        = {2},
  pages         = {173--207},
  language      = {english},
  shorthand = {Nagendra Prasad.M.V.LearningSSCCMAS-1999ст},
  annotation = {Еще один вариант координации агентов}
}

%155
@ARTICLE{Omicini1999,
  author        = {Omicini, A. and Zambonelli, F.},
  title         = {Coordination for Internet Application Development},
  journal       = {Autonomous Agents a. Multi-Agent Systems},
  month         = {June},
  year          = {1999},
  volume        = {2},
  number        = {2},
  pages         = {251--269},
  language      = {english},
  shorthand = {Omicini.A.CoordinationIAD-1999ст},
  annotation = {Предлагается вводить в сети коммуникационные центры, регулирующие общение агентов}
}

%156
@BOOK{Razvan2003,
  author        = {R\v{a}zvan, V. F.},
  title         = {Autonomous artificial intelligent agents : techn. rep. Coneural-03-01, 4 Febr. 2003},
  address       = {Cluj-Napoca\space},
  publisher     = {Center for Cognitive a. Neural Studies},
  year          = {2003},
  numpages      = {50},
  language      = {english},
  shorthand = {R\v{a}zvan.V.F.AutoAIA-2003кн},
  annotation = {В данной статье рассматривается современное состояние исследований в области разработки автономных искусственных интеллектуальных агентов}
}

%157
@Article{Sims2008,
  author        = {Sims, M. and Corkill, D. and Lesser, V.},
  title         = {Automated organization design for multi-agent systems},
  journal       = {Autonomous Agents a. Multi-Agent Systems},
  month         = {June},
  year          = {2008},
  volume        = {16},
  number        = {2},
  pages         = {151--185},
  language      = {english},
  shorthand = {Sims.M.AutoODMAS-2008ст},
  annotation = {В данной статье рассматривается KB-ORG: полностью автоматизированный конструктор организаций, основанный на знаниях, для многоагентных систем}
}

%158
@Article{Vasconcelos2009,
  author        = {Vasconcelos, W. W. and Kollingbaum, M. J. and Norman, T. J.},
  title         = {Normative conflict resolution in multi-agent systems},
  journal       = {Autonomous Agents a. Multi-Agent Systems},
  month         = {June},
  year          = {2009},
  volume        = {19},
  number        = {2},
  pages         = {124--152},
  language      = {english},
  shorthand = {Vasconcelos.W.W.NormativeCRMAS-2009ст},
  annotation = {Предлагается подход к регулированию поведения агентов на основе неких утвержденных “законов”}
}

%159
@Article{Weyns2007,
  author        = {Weyns, D. and Omicini, A. and Odell, J.},
  title         = {Environment as a first class abstraction in multiagent systems},
  journal       = {Autonomous Agents a. Multi-Agent Systems},
  month         = {February},
  year          = {2007},
  volume        = {14},
  number        = {1},
  pages         = {5--30},
  language      = {english},
  shorthand = {Weyns.D.EnvironmentFCAMAS-2007ст},
  annotation = {Обзор сред взаимодействия в МАС}
}

%160
@book{Wooldridge2009,
    author          = {M. Wooldridge},
    title           = {An introduction to multiagent systems},
    year            = {2009},
    edition         = {2nd},
    address         = {Chichester\space},
    publisher       = {J. Wiley},
    numpages        = {484},
    language        = {english},
  shorthand = {Wooldridge.M.IntroMAS-2009кн},
  annotation = {Букварь по МАС}
} 

%161
@MISC{AgentBuilder2017,
  title     = {Agent{B}uilder [{E}lectronic resource]},
  note      = {Mode of access: \url{http://www.agentbuilder.com/}. --- Date of access: 22.05.2018},
  timestamp = {2018.05.22},
  language  = {English},
  shorthand = {AgentB-2018эл},
  annotation = {Официальный сайт AgentBuilder}
}

%162
@MISC{EVE,
  title     = {Eve -- a web-based agent platform [{E}lectronic resource]},
  note      = {Mode of access: \url{http://eve.almende.com/index.html}. --- Date of access: 22.05.2018},
  timestamp = {2018.05.22},
  language  = {English},
  shorthand = {EveWBAP-2018эл},
  annotation = {Официальный сайт Eve}
}

%163
@MISC{GAMA,
  title     = {{GAMA P}latform [{E}lectronic resource]},
  note      = {Mode of access: \url{http://gama-platform.org/}. --- Date of access: 22.05.2018},
  timestamp = {2018.05.22},
  language  = {English},
  shorthand = {GAMAP-2018эл},
  annotation = {Официальный сайт GAMA}
}

%164
@Article{GOAL2017,
  title     = {{GOAL} [{E}lectronic resource]},
  journal   = {Atlassian},
  note      = {Mode of access: \url{https://goalapl.atlassian.net/wiki/spaces/GOAL/overview}. --- Date of access: 22.05.2018},
  language  = {English},
  shorthand = {GOAL-2018эл},
  annotation = {Язык программирования агентов}
}

%165
@INPROCEEDINGS{Evertsz2004,
    author      = {Evertsz, R. and Fletcher, M. and Jones, R.and Jarvis, J. and Brusey, J. and Dance, S.},
    title       = {{Implementing Industrial Multi-agent Systems using JACK}},
    editor      = {M. M. Dastani and J. Dix and A. E. Fallah-Seghrouchni},
    bookTitle   = {Programming multi-agent systems : first Intern. workshop, PROMAS 2003, Melbourne, 15 July, 2003 : sel. rev. a. invited papers},
    year        = {2004},
    publisher   = {Berlin},
    pages       = {18--48},
    language    = {english},
  shorthand = {Evertsz.R.ImplementingIMASUJACK-2004ст},
  annotation = {Статья содержит обсуждение концепций агентного программирования, связанных с JACK}
}

%166
@MISC{JADE2017,
  title     = {{JAVA A}gent {DE}velopment {F}ramework [{E}lectronic resource]},
  note      = {Режим доступа: \url{http://jade.tilab.com/}. --- Дата доступа: 22.05.2018},
  timestamp = {2018.05.22},
  language  = {english},
  shorthand = {JAVAADF-2018эл},
  annotation = {Официальный сайт JADE}
}

%167
@INPROCEEDINGS{Macal2005,
  author        = {Macal, C. M. and North, M. J.},
  title         = {Tutorial on Agent-based Modeling and Simulation},
  booktitle     = {WSC’05 : proc. of the 2005 Winter Simulation Conf., Orlando, 4–7 Dec. 2005},
  organization  = {Assoc. for Computing Machinery},
  publisher     = {New York},
  year          = {2005},
  pages         = {2--15},
  language      = {english},
  shorthand = {Macal.C.M.TutorialABMS-2005ст},
  annotation = {Обзор сред моделирования на основе МАС}
}

%168
@Article{Boissier2013,
    author      = {Boissier, O. and Bordini, R. H. and H\"{u}bner, J. F. and Ricci, A. and Santi, A.},
    title       = {Multi-agent Oriented Programming with {J}a{C}a{M}o},
    journal     = {Science of Computer Programming},
    issue_date  = {June, 2013},
    volume      = {78},
    number      = {6},
    month       = jun,
    year        = {2013},
    pages       = {747--761},
    publisher   = {Elsevier North-Holland},
    address     = {Amsterdam, The Netherlands, The Netherlands\space},
    language    = {english},
  shorthand = {Boissier.O.MultiAOPJCM-2013ст},
  annotation = {Статья объединяет парадигмы программирования, возникшие в результате исследований в области многоагентных систем}
}

%169
@book{Bordini2007,
 author         = {R. H. Bordini and J. F. Hubner and M. J. Wooldridge},
 title          = {Programming multi-agent systems in AgentSpeak using Jason},
 year           = {2007},
 address        = {Chichester\space}, 
 publisher      = {Wiley},
 language       = {english},
 numpages       = {294},
  shorthand = {Bordini.R.H.ProgramMASASUJ-2007кн},
  annotation = {Книга описывает и объясняет расширение AgentSpeak, интерпретируемое Jason, и показывает, как создавать мультиагентные системы с использованием платформы Jason}
}

%170
@INPROCEEDINGS{Marietto2002,
    author      = {Marietto, M. and David, N. and Sichman, J. S. and Coelho, H.},
    title       = {Requirements analysis of agent-based simulation platforms: state of the art and new prospects},
    booktitle   = {Multi-agent-based simulation : third intern. workshop, Bologna, 15–16 July 2002},
    year        = {2002},
    editor      = {J. S. Sichman and F. Bousquet and P. Davidsson},
    pages       = {125--141},
    publisher   = {Bologna},
    language    = {english},
  shorthand = {Marietto.M.RequirementsAABSPSANP-2002ст},
  annotation = {Статья содержит описание модели для спецификации требований к агентным платформам моделирования}
}

%171
@BOOK{Batyrshin2001,
  author    = {И. З. Батыршин},
  address   = {Казань\space},
  publisher = {Отечество},
  title     = {Основные операции нечеткой логики и их обобщения},
  year      = {2001},
  numpages  = {100},
  language  = {russian},
  shorthand = {Батыршин.И.З.ОсновныеОНЛО-2001кн},
  annotation = {В книге рассматриваются свойства операций конъюнкции, дизъюнкции и отрицания нечеткой логики и определяемых ими операций пересечения, объединения и дополнения нечетких множеств}
}

%172
@BOOK{Demenkov2005,
  author    = {Деменков, Н. П.},
  title     = {Нечеткое управление в технических системах : учеб. пособие},
  address   = {М.\space},
  publisher = {Изд-во Моск. гос. техн. ун-та},
  year      = {2005},
  numpages  = {198},
  language  = {russian},
  shorthand = {Деменков.Н.П.НечеткоеУТС-2005кн},
  annotation = {Рассматриваются вопросы, связанные с использованием теории нечеткого управления для решения неформализорванных задач оптимизации в технических системах}
}

%173
@BOOK{Vagin2008,
  author    = {В. Н. Вагин and Е. Ю. Головина and А. А. Загорянская and М. В. Фомина and Д. А. Поспелов},
  title     = {Достоверный и правдоподобный вывод в интеллектуальных системах},
  editor    = {под ред. В. Н. Вагина and Д. А. Поспелова},
  address   = {М.\space},
  publisher = {Физматлит},
  edition   = {2-е изд., испр. и доп},
  numpages  = {712},
  year      = {2008},
  language  = {russian},
  shorthand = {Вагин.В.Н.ДостоверныйПВИС-2008кн},
  annotation = {Рассматриваются методы достоверного (дедуктивного) и правдоподобного (абдуктивного, индуктивного) выводов в интеллектуальных системах различного назначения. Приводятся методы дедуктивного вывода на графовых структурах. Описываются как классические, так и немонотонные модальные логики. Приводятся основы теории аргументации и методы абдуктивного вывода.}
}

%174
@ARTICLE{Eremeev1997,
  author    = {Еремеев, А. П.},
  title     = {Построение решающих функций на базе тернарной логики в системах принятия решений в условиях неопределенности},
  journal   = {Изв. Рос. акад. наук. Теория и системы упр.},
  year      = {1997},
  number    = {2},
  pages     = {138--143},
  language  = {russian},
  shorthand = {Еремеев.А.П.ПостроениеРФБТЛСПРУН-1997ст},
  annotation = {В данной работе рассматриваются проблемы существующих методов, средств и технологий построения машин обработки знаний и ставится проблема отсутствия средств, позволяющих относительно неподготовленному разработчику в удовлетворительные сроки проектировать машины обработки знаний для прикладных интеллектуальных систем различного назначения}
}

%175
@BOOK{Khulick2001,
  author        = {Кулик, Б. А.},
  title         = {Логика естественных рассуждений},
  address       = {СПб.\space},
  publisher     = {Нев. диалект},
  year          = {2001},
  numpages      = {128},
  language      = {russian},
  shorthand = {Кулик.Б.А.ЛогикаЕР-2001кн},
  annotation = {Индуктивный вывод}
}

%176
@BOOK{Pospelov1989,
  author        = {Поспелов, Д. А.},
  title         = {Моделирование рассуждений: опыт анализа мыслительных актов},
  address       = {М.\space},
  publisher     = {Радио и связь},
  year          = {1989},
  numpages      = {184},
  language      = {russian},
  shorthand = {Поспелов.Д.А.МоделированиеРОАМА-1989кн},
  annotation = {Нечеткий вывод}
}

%177
@ARTICLE{Reiter1980,
  author        = {Reiter, R.},
  title         = {A Logic for Default Reasoning},
  journal       = {Artificial Intelligence},
  year          = {1980},
  volume        = {13},
  number        = {13},
  pages         = {81--132},
  language      = {english},
  shorthand = {Reiter.R.LogicDR-1980ст},
  annotation = {Логика умолчаний}
}

%178
@BOOK{Berkinblit1993,
  author    = {М. Б. Беркинблит },
  title     = {Нейронные сети : эксперим. учеб. пособие},
  address   = {М.\space},
  publisher = {МИРОС : Всерос. заоч. многопредмет. шк. Рос. акад. наук},
  year      = {1993},
  numpages  = {96},
  language  = {russian},
  shorthand = {Беркинблит.М.Б.НейронныеС-1993кн},
  annotation = {Книга содержит описание нейронных сетей}
}

%179
@BOOK{Golovko2001,
  author    = {Головко, В. А.},
  title     = {Нейронные сети: обучение, организация и применение : учеб. пособие},
  address   = {М.\space},
  publisher = {Журн. <<Радиотехника>>},
  year      = {2001},
  numpages  = {256},
  note      = {(Нейрокомпьютеры и применение ; кн. 4)},
  language  = {russian},
  shorthand = {Головко.В.А.НейронныеСООП-2001кн},
  annotation = {Изложены математические и алгоритмические аспекты функционирования нейронных сетей с прямыми и обратными связями; отражены вопросы самоорганизации, отказоустойчивости и реализации нейронных сетей на систолических процессорах; большое внимание уделено применению и проектированию нейронных сетей для решения различного рода задач}
}

%180
@BOOK{Gorban1996,
  author    = {Горбань, А. Н. and Россиев, Д. А.},
  title     = {Нейронные сети на персональном компьютере},
  address   = {Новосибирск\space},
  publisher = {Наука},
  year      = {1996},
  numpages  = {276},
  language  = {russian},
  shorthand = {Горбань.А.Н.НейронныеСПК-1996кн},
  annotation = {В книге описаны элементы нейронных сетей, способы их соединения и настройки для решения различных задач, набор дополнительных элементов, необходимых для создания полноценного нейрокомпьютера, и различные алгоритмы обучения нейронных сетей}
}

%181
@InProceedings{Borisov2014,
  author       = {А. Н. Борисов},
  title        = {Построение интеллектуальных систем, основанных на знаниях, с повторным использованием компонентов},
  booktitle    = {Открытые семантические технологии проектирования интеллектуальных систем (OSTIS-2014) : материалы IV Междунар. науч.-техн. конф., Минск, 20--22 февр. 2014 г.},
  organization = {Белорус. гос. ун-т информатики и радиоэлектроники ; редкол.: В. В. Голенков (отв. ред.) [и др.]},
  year         = {2014},
  pages        = {97-102},
  publisher    = {Минск},
  language     = {russian},
  shorthand = {Борисов.А.Н.ПостроениеИСОЗПИК-2014ст},
  annotation = {В работе рассмотрены теоретические основы и средства построения интеллектуальных систем с многократным использованием компонентов на основе методов инженерной онтологии. Приведены два основных семейства инструментальных средств: модельно-ориентированный подход и подход, использующий декомпозицию решаемой проблемы. Описаны основные языки представления онтологий, а также программные средства построения онтологий. Рассмотрены средства представления декларативных знаний и механизмы обработки процедурных знаний, а также средства взаимодействия онтологических баз знаний и декларативных правил. Проанализированы дискуссионные вопросы развития реляционных языков и онтологической семантики.}
}

%182
@BOOK{Barsky1990,
  author    = {А. Б. Барский},
  title     = {Параллельные процессы в вычислительных системах: планирование и организация},
  address   = {М.\space},
  publisher = {Радио и связь},
  year      = {1990},
  numpages  = {256},
  language  = {russian},
  shorthand = {Барский.А.Б.ПараллельныеПВСПО-1990кн},
  annotation = {В книге отражены проблемы планирования и организации параллельной обработки информации в вычислительных системах (ВС), представляющих собой многопроцессорные и многомашинные комплексы, а также системы на решающих полях. Изложены методы решения двух взаимно обратных задач распараллеливания: задачи выбора оптимальной структуры ВС для выполнения за ограниченное время множества информационно и логически взаимосвязанных программ и задачи нахождения плана выполнения за минимальное время множества таких программ на ВС заданной структуры}
}

%183
@ARTICLE{Borschev1989,
  author    = {В. Б. Борщев},
  title     = {Вегетативная машина},
  journal   = {Программирование},
  year      = {1989},
  number    = {5},
  pages     = {16--28},
  language  = {russian},
  shorthand = {Борщев.В.Б.ВегетативнаяМ-1989ст},
  annotation = {***}
}

%184
@BOOK{Voevodin2002,
  author    = {Воеводин, В. В.},
  title     = {Параллельные вычисления},
  address   = {СПб.\space},
  publisher = {БХВ Петербург},
  year      = {2002},
  numpages  = {609},
  language  = {russian},
  shorthand = {Воеводин.В.В.ПараллельныеВ-2002кн},
  annotation = {Книга посвящена обсуждению ключевых проблем современных параллельных вычислений. С единых позиций рассматриваются архитектуры параллельных вычислительных систем, технологии параллельного программирования, численные методы решения задач. Вместе со строгим описанием основных положений теории информационной структуры программ и алгоритмов, книга содержит богатый справочный материал, необходимый для организации эффективного решения больших задач на компьютерах с параллельной архитектурой}
}

%185
@BOOK{Golovkin1980,
  author    = {Головкин, Б. А.},
  title     = {Параллельные вычислительные системы},
  address   = {М.\space},
  publisher = {Наука},
  year      = {1980},
  numpages  = {520},
  language  = {russian},
  shorthand = {Головкин.Б.А.ПараллельныеВС-1980кн},
  annotation = {В книге рассматриваются параллельные вычислительные системы. Дается систематическое описание организации структуры и функционирования параллельных вычислительных систем}
}

%186
@ARTICLE{Gorodnyaya2016,
  author    = {Городняя, Л. В.},
  title     = {О парадигме параллельного программирования},
  journal   = {Информ. и мат. технологии в науке и упр.},
  year      = {2016},
  number    = {1},
  pages     = {136--139},
  language  = {russian},
  shorthand = {Городняя.Л.В.ПарадигПП-2016},
  annotation = {Доклад посвящен проблеме формирования самостоятельной парадигмы параллельного программирования, вызванной расширением и развитием системы базовых понятий, необходимых для рациональной разработки информационных систем управления процессами на современной аппаратуре}
}

%187
@InBook{Dijkstra1972,
  author    = {Дийкстра, Э.},
  title     = {Взаимодействие последовательных процессов},
  booktitle = {Языки программирования : учеб. пособие},
  editor    = {ред. Ф. Женюи ; пер. с англ. Б. П. Кузнецова ; под ред. В. М. Курочкина},
  address   = {М.},
  year      = {1972},
  pages     = {9--86},
  language  = {russian},
  shorthand = {Дийкстра.Э.ВзаимодействиеПП-1972ст},
  annotation = {Базовый алгоритм синхронизации параллельных процессов, положивший начало критическим секциям и более сложным механизмам синхронизации}
}

%188
@BOOK{Kalynychenko1990,
  author        = {Калиниченко, Л. А. and Рывкин, В. М.},
  title         = {Машины баз данных и знаний},
  address       = {М.\space},
  publisher     = {Наука},
  year          = {1990},
  numpages      = {294},
  language      = {russian},
  shorthand = {Калиниченко.Л.А.МашиныБДЗ-1990кн},
  annotation = {Рассмотрены вопросы построения машин баз данных и знаний. В книге дан обзор и сравнительный анализ известных проектов и промышленных образцов МБДЗ, приведены методы формирования унифицированных представлений данных и знаний в МБДЗ, определены требования к их интерфейсам. Проанализированы структурные методы повышения производительности МБДЗ, методы организации данных и алгоритмы реализации операций в МБДЗ, а также способы аппаратурной поддержки основных функций управления базами данных и знаний}
  }

%189
@ARTICLE{Kotov1966,
  author        = {Котов, В. Е. and Нариньяни, А. С.},
  title         = {Асинхронные вычислительные процессы над общей памятью},
  journal       = {Кибернетика},
  year          = {1966},
  number        = {3},
  pages         = {64--71},
  language      = {russian},
  shorthand = {Котов.В.Е.АсинхронныеВПОП-1966ст},
  annotation = {В статье предлагается асинхронная модель вычислений, отличительной особенностью которой является управление на основе строгого частичного порядка}
}

%190
@BOOK{Hoare1989,
  author    = {Хоар, Ч.},
  title     = {Взаимодействующие последовательные процессы : пер. с англ. },
  editor    = {под ред. А. П. Ершова},
  address   = {М.\space},
  publisher = {Мир},
  year      = {1989},
  numpages  = {264},
  language  = {russian},
  shorthand = {Хоар.Ч.ВзаимодейстПП-1989кн},
  annotation = {Книга последовательно излагает теорию взаимодействующих процессов}
}

%191
@MISC{CYPHER,
  title     = {{Chapter 3. Cypher} [{E}lectronic resource] // {N}eo4j},
  note      = {Mode of access: \url{http://neo4j.com/docs/stable/cypher-query-lang.html}. --- Date of access: 01.06.2017},
  timestamp = {2017.06.01},
  language  = {English},
  shorthand = {Cypher-2017эл},
  annotation = {Язык запросов для Графовой СУБД Neo4J}
}

%192
@phdthesis{Massalin1992,
  author        = {Massalin, A. H.}, 
  title         = {Synthesis: an efficient implementation of fundamental operating system services},
  type          = {doctoral diss},
  year          = {1992},
  publisher     = {New York},
  note          = {137 l.},
  language      = {english},
  shorthand = {Massalin.A.H.SynthesisEIFOSS-1992ст},
  annotation = {Самореконфигурируемые системы}
}

%193
@Article{Metalearning2017,
  title     = {Metalearning machines and recursive self-improvement  [{E}lectronic resource]},
  journal   = {SUPSI},
  note      = {Mode of access: \url{http://people.idsia.ch/~juergen/metalearner.html}. --- Date of access: 25.04.2017},
  language  = {english},
  shorthand = {MetalearningMRSI-2017эл},
  annotation = {Самореконфигурируемые системы}
}

%194
@Book{Kolesnikov2014,
  author        = {А. В. Колесников and И. А. Кириков and С. В. Листопад},
  title         = {Гибридные интеллектуальные системы с самоорганизацией: координация, согласованность, спор},
  address       = {М.\space},
  publisher     = {Ин-т проблем информатики Рос. акад. наук},
  year          = {2014},
  numpages      = {189},
  isbn          = {978-5-91993-032-2},
  language      = {russian},
  shorthand = {Колесников.А.В.ГибридныеИССКСС-2014кн},
  annotation = {В книге рассматриваются вопросы моделирования самоорганизации и коллективных эффектов в системах поддержки принятия решений: координации, согласованности и спора. Описываются функциональные гибридные интеллектуальные системы моделирования рассуждений экспертов и лиц, принимающих решения в системах поддержки принятия решений}
}

%195
@Book{Tarasov2007,
  author        = {И. З. Батыршин and А. О. Недосекин and А. А. Стецко  and В. Б. Тарасов and А. В. Язенин  and Н. Г. Ярушкина },
  title         = {Нечеткие гибридные системы. Теория и практика},
  address       = {М.\space},
  publisher     = {Физматлит},
  editor        = {под ред. Н. Г. Ярушиной},
  year          = {2007},
  numpages      = {208},
  language      = {russian},
  shorthand = {Батыршин.И.З.НечеткиеГСТП-2007кн},
  annotation = {Книга посвящена современным подходам к математическому и компьютерному моделированию нечеткости. Рассмотрены операции нечеткой логики и их обобщения. Широко представлен контекст современной теории нечетких систем: синергетический искусственный интеллект, нечеткие нейронные и нечеткие эволюционные гибриды, возможностное программирование}
}

%196
@BOOK{Castillo2014,
 author     = {Castillo, O. and Melin, P. and Kacprzyk, J.},
 title      = {Recent advances on hybrid intelligent systems},
 year       = {2014},
 address    = {Berlin\space},
 publisher  = {Springer},
 language   = {english},
 numpages   = {572},
  shorthand = {Castillo.O.RecentAHIS-2014кн},
  annotation = {В частности, рассматривается построение многоагентных систем}
}

%197
@BOOK{Pratt2002,
  author        = {Пратт, Т. and Зелковиц, М.},
  title         = {Языки программирования: разработка и реализация : пер. с англ.},
  editor        = {под общ. ред. А. Матросова},
  edition       = {4-е},
  address       = {СПб.\space},
  publisher     = {Питер : Питер принт},
  year          = {2002},
  numpages      = {688},
  language      = {russian},
  shorthand = {Пратт.Т.ЯзыкиПРР-2002кн},
  annotation = {В книге рассматриваются общие концепции разработки и реализации языков программирования, а также основы формальных грамматик и конечных автоматов - математических моделей, используемых для определения и реализации языков программирования}
}

%198
@BOOK{Kaner1999,
  author    = {Kaner, C. and Falk, J. and Nguyen, H.Q.},
  title     = {Testing computer software},
  edition   = {2nd},
  address   = {Hoboken\space},
  publisher = {Wiley},
  year      = {1999},
  numpages  = {496},
  language  = {english},
  shorthand = {Kaner.C.TestingCS-1999кн},
  annotation = {Букварь по тестированию ПО, настольная книга тестировщика}
}

%199
@Article{Evgenev2019,
  author   = {Г. Б. Евгенев},
  title    = {Экспертопедия как средство создания онтологического Интернета знаний},
  journal  = {Онтология проектирования},
  year     = {2019},
  volume   = {9},
  number   = {3(33)},
  pages    = {307--320},
  language = {russian},
  note     = {DOI: 10.18287/2223-9537-2019-9-3-307-320},
  shorthand = {Евгенев.Г.Б.ЭкспертопедияССОИЗ-2019ст},
  annotation = {На основе технологии экспертного программирования для создания баз знаний предложена семантическая вики-система, которая может быть названа «Экспертопедией». Разработана метаонтология Экспертопедии. Рассмотрены методы создания многоагентных баз знаний для проектирования и управления в машиностроении. Даны примеры применения многоагентных систем для создания интеллектуальных систем полуавтоматического проектирования изделий машиностроения. Описана технология экспертного программирования.}
}

%2
@Book{Bolotova2012,
  title     = {Системы искусственного интеллекта: модели и технологии, основанные на знаниях : учебник},
  publisher = {М. : Финансы и статистика},
  year      = {2012},
  author    = {Л. С. Болотова},
  numpages  = {663},
  language  = {russian},
  shorthand = {Болотова.Л.С.СистемыИИМТОЗУ-2012кн},
  annotation = {В учебнике представлено систематизированное изложение основ теории представления знаний в системах искусственного интеллекта (СИИ).}
}

%3
@InProceedings{BorgestVvedenie2014,
  author       = {Н. M. Боргест},
  title        = {Введение в онтологию проектирования [Электронный ресурс]},
  booktitle    = {Информационные технологии и системы : тр. Третьей междунар. науч. конф., Банное, 26 февр. -- 2 марта 2014 г.},
  organization = {Челяб. гос. ун-т ; отв. ред.: Ю. С. Попков, А. В. Мельников},
  year         = {2014},
  publisher    = {Челябинск},
  note         = {1 электрон. опт. диск (CD-ROM)},
  language     = {russian},
  shorthand = {Боргест.Н.М.ВведениеОП-2014мк},
  annotation = {Статья является продолжением и развитием идей, изложенных автором в статье «Научный базис онтологии проектирования», опубликованной в 1-ом номере журнала за 2013 год. В данной работе очередной раз делается попытка определить область исследований, уточнив и конкретизировав круг изучаемых и решаемых проблем, выставить фокус и расставить акценты, актуальные на данном периоде развития научной дисциплины, обозначить место онтологии проектирования в уже сложившейся, существующей, но быстроменяющейся дифференциации наук.}
}

%4 
@InProceedings{BorgestRole2014,
  author       = {Н. М. Боргест},
  title        = {Роль онтологии в проектировании информационных систем},
  booktitle    = {Открытые семантические технологии проектирования интеллектуальных систем (OSTIS-2014) : материалы IV Междунар. науч.-техн. конф., Минск, 20--22 февр. 2014 г.},
  organization = {Белорус. гос. ун-т информатики и радиоэлектроники ; редкол.: В. В. Голенков (отв. ред.) [и др.]},
  year         = {2014},
  pages        = {155-160},
  publisher    = {Минск},
  language     = {russian},
  shorthand = {Боргест.Н.М.РольОПИС-2014ст},
  annotation = {В работе рассматривается роль онтологии в проектировании информационных систем.}
}

%6
@Article{Borschev1976,
  author   = {В. Б. Борщев and М. В. Хомяков},
  title    = {Клубные системы},
  journal  = {Науч.-техн. информ. Сер. 2, Информ. процессы и системы},
  year     = {1976},
  number   = {8},
  pages    = {3-6},
  language = {russian},
  shorthand = {Борщев.В.Б.КлубныеС-1976мк},
  annotation = {Работа содержит описание клубных систем.}
}

%7
@Book{Valkman2010,
  title     = {Модельно-параметрическое пространство: теория и применение},
  publisher = {Киев : Наук. думка},
  year      = {2012},
  author    = {Ю. Р. Валькман and В. И. Гриценко and А. Ю. Рыхальский},
  numpages  = {190},
  language  = {russian},
  shorthand = {Валькман.Ю.Р.МодельППТП-2012кн},
  annotation = {В монографии предложены и обоснованы теория и практика построения баз знаний(БЗ) исследователей и проектировщиков сложных объектов.}
}

%8
@InProceedings{Gavrilova1995,
  author    = {Т. А. Гаврилова},
  title     = {Объектно-структурная методология концептуального анализа знаний и технология автоматизированного проектирования баз знаний},
  booktitle = {Знания -- диалог -- решение : отчет : в 2 ч.},
  organization = {Проблем. комис. многострон. сотрудничества Акад. наук социалист. стран <<Науч. вопр. вычисл. техники>>, Рабочая группа-26 КНВВТ <<Автоматизация информ. обеспечения систем принятия решений>>},
  year      = {1990},
  series    = {Ч. 1 : Теоретические основы и методы},
  pages     = {1-9},
  publisher = {Киев},
  language  = {russian},
  shorthand = {Гаврилова.Т.А.ОбъектноСМКАЗТАПБЗ-1990ст},
  annotation = {В работе рассматривается объектно-структурная методология концептуального анализа знаний и технология автоматизированного проектирования баз знаний.}
}

%9
@Article{Gavrilova2009,
  author   = {Т. А. Гаврилова and В. А. Горовой and Е. С. Болотникова},
  title    = {Оценка когнитивной эргономичности онтологии на основе анализа графа},
  journal  = {Искусств. интеллект и принятие решений},
  year     = {2009},
  number   = {3},
  pages    = {33-41},
  language = {russian},
  shorthand = {Гаврилова.Т.А.ОценкаКЭООАГ-2009ст},
  annotation = {В работе рассматривается оценка когнитивной эргономичности онтологии на основе анализа графа.}
}


%10
@Article{Gavrilova2008,
  author   = {Т. А. Гаврилова and Н. А. Гулякина},
  title    = {Визуальные методы работы со знаниями: попытка обзора},
  journal  = {Искусств. интеллект и принятие решений},
  year     = {2008},
  number   = {1},
  pages    = {15-21},
  language = {russian},
  shorthand = {Гаврилова.Т.А.ВизуальныеМРЗ-2008ст},
  annotation = {Работа содержит описание визуальных методов работы со знаниями: попытка обзора.}
}

%11
@Book{Gavrilova2016,
  author    = {Т. А. Гаврилова and Д. В. Кудрявцев and Д. И. Муромцев},
  title     = {Инженерия знаний: модели и методы : учебник},
  publisher = {СПб. : Лань},
  year      = {2016},
  numpages  = {323},
  language  = {russian},
  shorthand = {Гаврилова.Т.А.ИнженерияЗММ-2016кн},
  annotation = {Книга посвящена вопросам анализа и структурирования данных и знаний для разработки информационных и интеллектуальных систем. В ней детально рассматривается полный цикл разработки интеллектуальных систем – от извлечения и формализации знаний до реализации компонентов прикладной интеллектуальной системы.}
}

%12
@Book{Gavrilova2001,
  author    = {Т. А. Гаврилова and В. Ф. Хорошевский},
  title     = {Базы знаний интеллектуальных систем : учеб. пособие},
  publisher = {СПб. [и др.] : Питер},
  year      = {2000},
  numpages  = {382},
  language  = {russian},
  shorthand = {Гаврилова.Т.А.БазыЗИСУП-2000кн},
  annotation = {Учебник для технических вузов по входящим в различные дисциплины вопросам разработки интеллектуальных систем - развивающейся области информатики.}
}

%13
@Book{Gavrilova1992,
  author    = {Т. А. Гаврилова and К. Р. Червинская},
  title     = {Извлечение и структурирование знаний для экспертных систем},
  publisher = {М. : Радио и связь},
  year      = {1992},
  numpages  = {199},
  language  = {russian},
  shorthand = {Гаврилова.Т.А.ИзвлечениеСЗЭС-1992кн},
  annotation = {Книга посвящена одному из важнейших и недостаточно исследованных аспектов теории искусственного интеллекта — извлечению и структурированию знаний.}
}

%14
@Article{Gladun2008,
  author   = {А. Я. Гладун and Ю. В. Рогушина},
  title    = {Wiki-технологии},
  journal  = {Телеком. Коммуникации и сети},
  year     = {2008},
  number   = {5},
  pages    = {58},
  language = {russian},
  shorthand = {Гладун.А.Я.WikiТ-2008мк},
  annotation = {В работе рассматриваются Wiki-технологии.}
}

%15
@Article{Gladun2013,
  author   = {А. Я. Гладун and Ю. В. Рогушина},
  title    = {Репозитории онтологии как средство повторного использования знаний для распознавания информационных объектов},
  journal  = {Онтология проектирования},
  year     = {2013},
  number   = {1},
  pages    = {35-50},
  language = {russian},
  shorthand = {Гладун.А.Я.РепозиторииОСПИЗРИОИЗРИО-2013ст},
  annotation = {Представлены результаты по моделированию электронных информационных ресурсов обученияна основе Wiki-технологий. Применение такой модели проиллюстрировано на примере разработки программного модуля системы дистанционного обучения «Херсонский виртуальный университет» для создания и использования Wiki-документов.}
}

%16
@InProceedings{Globa2012,
  author       = {Л. С. Глоба and Р. Л. Новогрудская},
  title        = {Модели и методы интеграции информационных и вычислительных ресурсов},
  booktitle    = {Открытые семантические технологии проектирования интеллектуальных систем (OSTIS-2012) : материалы II Междунар. науч.-техн. конф., Минск, 16--18 февр. 2012 г.},
  organization = {Белорус. гос. ун-т информатики и радиоэлектроники ; редкол.: В. В. Голенков (отв. ред.) [и др.]},
  year         = {2012},
  pages        = {447-452},
  publisher    = {Минск},
  language     = {russian},
  shorthand = {Глоба.Л.С.МоделиМИИВР-2012ст},
  annotation = {В работе показан подход к построению функционального интернет-портала знаний, решены проблемы качественного представления информации на портале, а также рассмотрены вопросы интеграции информационных и вычислительных ресурсов портала.}
}

%17
@Article{Globa2014,
  author       = {Л. С. Глоба and Р. Л. Новогрудская},
  title        = {Подход к построению формальной алгебраической системы порталов знаний},
  journal      = {Онтология проектирования},
  year         = {2014},
  number       = {2},
  pages        = {40-59},
  language     = {russian},
  shorthand = {Глоба.Л.С.ПодходПФАСПЗ-2014ст},
  annotation = {В работе представлен подход к проектированию расчётных задач на инженерных порталах знаний, основанный на формальной алгебраической системе, которая позволяет получить требуемый общий расчёт как результат выполнения системы алгебраических формализмов.}
}

%18
@Book{Glushkov1964,
  author      = {В. М. Глушков},
  title       = {Введение в кибернетику},
  publisher   = {Киев : Изд-во Акад. наук Укр. ССР},
  year        = {1964},
  numpages    = {324},
  language    = {russian},
  shorthand = {Глушков.В.М.ВведениеК-1964кн},
  annotation = {В книге собран и обобщен материал, необходимый для построения таких разделов кибернетики, как теория электронных цифровых машин, теория дискретных автоматов и теория дискретных самоорганизующихся систем, автоматизация мыслительных процессов, теория распознавания образов и др.}
}

@PhdThesis{GorovoyPhd2011,
  author      = {В. А. Горовой},
  title       = {Методы оценки онтологий для построения порталов знаний\space},
  year        = {2011},
  type        = {дис. ... канд. техн. наук : 05.13.11},
  publisher   = {СПб.},
  language    = {russian},
  note        = {139 л.},
  shorthand = {Горовой.В.А.МетодыООППЗ-2011дс},
  annotation = {Задача эффективного управления знаниями стоит перед любой крупной организацией. Для ее решения применяются методы концептуализации, структуризации и формализации знаний, вызывающие сейчас интерес не только в научной среде, но и среди предприятий, сталкивающихся с проблемой формирования корпоративных баз знаний.}
}

%26
@Book{Gorshkov2016,
  author      = {С. В. Горшков},
  title       = {Введение в онтологическое моделирование},
  publisher   = {Екатеринбург : ТриниДата},
  year        = {2016},
  numpages    = {165},
  language    = {russian},
  shorthand = {Горшков.С.В.ВведениеОМ-2016кн},
  annotation = {Методическое пособие предназначено для аналитиков, ИТспециалистов, менеджеров, участвующих в создании информационных систем, использующих семантические технологии для решения прикладных задач, студентов соответствующих специальностей.}
}

%28
@InProceedings{Fillipov2016,
  author       = {А. А. Филиппов and В. С. Мошкин and Д. О. Шалаев and Н. Г. Ярушкина},
  title        = {Единая онтологическая платформа интеллектуального анализа данных},
  booktitle    = {Открытые семантические технологии проектирования интеллектуальных систем (OSTIS-2016) : материалы VI Междунар. науч.-техн. конф., Минск, 18--20 февр. 2016 г.},
  organization = {Белорус. гос. ун-т информатики и радиоэлектроники ; редкол.: В. В. Голенков (отв. ред.) [и др.]},
  year         = {2016},
  pages        = {77-82},
  publisher    = {Минск},
  language     = {russian},
  shorthand = {Филиппов.А.А.ЕдинаяОПИАД-2016ст},
  annotation = {В данной работе предложена методика разработки, а также основные принципы построения и архитектура единой платформы интеллектуального анализа данных на основе онтологии предметной области. Помимо этого рассмотрен процесс построения предметной онтологии с помощью встроенного в платформу универсального редактора на примере онтологии «Справочник боцмана».}
}

%29
@Book{Efimenko2011,
  author       = {И. В. Ефименко and В. Ф. Хорошевский},
  title        = {Онтологическое моделирование экономики предприятий и отраслей современной России : в 2 т.},
  publisher    = {М. : Нац. исслед. ун-т <<Высш. шк. экономики>>},
  volume       = {1 : Онтологическое моделирование: подходы, модели, методы, средства, решения},
  year         = {2011},
  numpages     = {71},
  note         = {(Препринт / Нац. исслед. ун-т <<Высш. шк. экономики>> ; Серия: Математические методы анализа решений в экономике, бизнесе и политике ; WP7/2011/08)},
  language     = {russian},
  shorthand = {Ефименко.И.В.ОнтологическоеМЭПОСР-2011кн},
  annotation = {Представленный аналитический обзор вводит в проблематику онтологического моделирования и онтологического инжиниринга и показывает ретроспективу работ в этих областях.}
}

%30
@Article{Zagorulko2013Concept,
  author       = {Ю. А. Загорулько},
  title        = {О концепции интегрированной модели представления знаний},
  journal      = {Изв. Том. политехн. ун-та.},
  year         = {2013},
  volume       = {322},
  number       = {5},
  pages        = {98-103},
  language     = {russian},
  shorthand = {Загорулько.Ю.А.КонцепцИМПЗ-2013ст},
  annotation = {В работе рассматривается концепция интегрированной модели, которая объединяет взаимодополняющие методы и средства представления знаний. На базе этой модели строятся язык представления и обработки знаний и инструментальные средства, обеспечивающие в полном объеме известные на данный момент потребности разработки баз знаний прикладных интеллектуальных систем.}
}

%33
@InProceedings{Ivashenko2013,
  author       = {В. П. Ивашенко},
  title        = {Унифицированное представление и интеграция знаний},
  booktitle    = {Открытые семантические технологии проектирования интеллектуальных систем (OSTIS-2013) : материалы III Междунар. науч.-техн. конф., Минск, 21–23 февр. 2013 г.},
  organization = {Белорус. гос. ун-т информатики и радиоэлектроники ; редкол.: В. В. Голенков (отв. ред.) [и др.]},
  year         = {2013},
  pages        = {171-184},
  publisher    = {Минск},
  language     = {russian},
  shorthand = {Ивашенко.В.П.УнифицированноеПИЗ-2013ст},
  annotation = {В работе рассматриваются составляющие и применение средств технологии компонентного проектирования баз знаний в виде однородных семантических сети с теоретико-множественной семантикой для решения задач отладки и интеграции баз знаний.}
}

%34
@PhdThesis{Ivashenko2014,
  author   = {В. П. Ивашенко},
  title    = {Модели и алгоритмы интеграции знаний на основе однородных семантических сетей\space},
  school   = {Белорус. гос. ун-т информатики и радиоэлектроники},
  year     = {2014},
  type     = {автореф. дис. ... канд. техн. наук : 05.13.17},
  address  = {Минск},
  language = {russian},
  numpages = {25},
  shorthand = {Ивашенко.В.П.МоделиАИЗООСС-2014дс},
  annotation = {В диссертации исследуются онтологии и фрагменты баз знаний, представленные однородными семантическими сетями специального вида, и отношения их интеграции, возникающие на этапах создания и функционирования соответствующих интеллектуальных систем. Целью работы является разработка моделей, алгоритмов и программных средств, обеспечивающих точность и относительную полноту результатов интеграции такого рода знаний.}
}

%35
@InProceedings{Ivashenko2015,
  author    = {В. П. Ивашенко},
  title     = {Модели и алгоритмы интеграции знаний на основе однородных семантических сетей},
  booktitle = {Открытые семантические технологии проектирования интеллектуальных систем (OSTIS-2015) : материалы V Междунар. науч.-техн. конф., Минск, 19--21 февр. 2015 г.},
  organization = {Белорус. гос. ун-т информатики и радиоэлектроники ; редкол.: В. В. Голенков (отв. ред.) [и др.]},
  year      = {2015},
  pages     = {111-132},
  publisher = {Минск},
  language  = {russian},
  shorthand = {Ивашенко.В.П.МоделиАИЗООСС-2015ст},
  annotation = {В работе рассматриваются модели и алгоритмы интеграции знаний, представленных в унифицированном виде однородными семантическими сетями, имеющими теоретико-множественную интерпретацию, учитывающие неполноту, нечёткость, неопределённость представленных знаний и их изменение со временем.}
}

%36
@Article{Kazekin2008,
  author   = {М. М. Казекин},
  title    = {История языков представления онтологий},
  journal  = {Компьютер. инструменты в образовании},
  year     = {2008},
  number   = {4},
  pages    = {3-11},
  language = {russian},
  shorthand = {Казекин.М.М.ИсторияЯПО-2008ст},
  annotation = {В статье представлена история языков представления онтологий. Автор описывает основные этапы эволюции, дает краткую характеристику и обзор основных свойств языков.}
}

%37
@Book{Klestiov1986,
  author      = {А. С. Клещев},
  title       = {Семантические порождающие модели. Общая точка зрения на фреймы и продукции в экспертных системах},
  year        = {1986},
  numpages    = {39},
  publisher   = {Владивосток : ИАПУ},
  language    = {russian},
  note        = {(Препринт / Акад. наук СССР, Дальневост. науч. центр, Ин-т автоматики и процессов упр.)},
  shorthand = {Клещев.А.С.СемантическиеПМОТЗФПЭС-1986кн},
  annotation = {В работе рассматриваются семантические порождающие модели. Общая точка зрения на фреймы и продукции в экспертных системах.}
}

%38
@Article{Kleschev2001,
  author   = {А. С. Клещев and И. Л. Артемьева},
  title    = {Математические модели онтологий предметных областей. Ч. 1. Существующие подходы к определению понятия <<Онтология>>},
  journal  = {Науч.-техн. информ. Сер. 2, Информ. процессы и системы},
  year     = {2001},
  number   = {2},
  pages    = {20-27},
  language = {russian},
  shorthand = {Клещев.А.С.МатематическиеМОПОСПКОПО-2001ст},
  annotation = {Целью настоящей работы является рассмотрение существующих определений понятия ";онтология предметной области";, а также анализ их достоинств и недостатков.}
}

%39
@PhdThesis{Kolb_diss,
  author   = {Д. Г. Колб},
  title    = {Модели, методы и средства разработки сайтов с переносимым сложноструктурированным контентом на базе семантических сетей\space},
  school   = {Белорус. гос. ун-т информатики и радиоэлектроники},
  year     = {2012},
  type     = {автореф. дис. ... канд. техн. наук : 05.13.11},
  address  = {Минск},
  language = {russian},
  numpages = {25},
  shorthand = {Колб.Д.Г.МоделиМСРСПСКБСС-2012дс},
  annotation = {Цель работы: разработка моделей, методов и средств, обеспечивающих построение сайтов, которые имеют сложноструктурированный контент и обладают свойством переносимости контента при переходе на новые технические платформы реализации сайта.}
}

%40
@InProceedings{Kondratenko2016,
  author       = {А. А. Кондратенко and С. И. Маторин},
  title        = {Верификация онтологий, построенных с использованием средств системно-объектного подхода},
  booktitle    = {XV Национальная конференция по искусственному интеллекту с международным участием (КИИ-2016), Смоленск, 3--7 октября 2016 г. : труды : в 3 т.},
  organization = {Рос. ассоц. искусств. интеллекта, Федер. исслед. центр <<Информатика и управление>> Рос. акад. наук},
  volume       = {1},    
  year         = {2016},
  pages        = {50-56},
  publisher    = {Смоленск},
  language     = {russian},
  shorthand = {Кондратенко.А.А.ВерификацияОПИССОП-2016ст},
  annotation = {В работе рассматриваются особенности процесса верификации онтологий, которые построены на основе визуальных графоаналитических моделей предметных областей в терминах системно-объектного подхода (Узел-Функция-Объект).}
}
}

%42
@InProceedings{Koronchik2013platfrom,
  author       = {Д. Н. Корончик},
  title        = {Реализация хранилища унифицированных семантических сетей},
  booktitle    = {Открытые семантические технологии проектирования интеллектуальных систем (OSTIS-2013) : материалы III Междунар. науч.-техн. конф., Минск, 21–23 февр. 2013 г.},
  organization = {Белорус. гос. ун-т информатики и радиоэлектроники ; редкол.: В. В. Голенков (отв. ред.) [и др.]},
  year         = {2013},
  pages        = {125-128},
  publisher    = {Минск},
  language     = {russian},
  shorthand = {Корончик.Д.Н.РеализацияХУСС-2013мк},
  annotation = {В работе описана одна из возможных реализаций хранилища унифицированных семантических сетей. Приводится описание принципов хранения элементов семантической сети и связей между этими элементами. Описанное хранилище может быть использовано для работы различных интеллектуальных систем в среде интернет.}
}

%44
@Book{Krivorutski1995,
  author       = {Л. Д. Криворуцкий and Л. В. Массель},
  title        = {Информационная технология исследований развития энергетики},
  publisher    = {Новосибирск : Наука},
  organization = {под ред. Н. И. Воропай},
  year         = {1995},
  language     = {russian},
  numpages     = {160},
  shorthand = {Криворуцкий.Л.Д.ИнформационнаяТИРЭ-1995кн},
  annotation = {На основе анализа современного состояния проблем разработки информационных технологий и обобщения опыта конкретной предметной области (исследований развития топливно-энергетического комплекса страны с учетом живучести и безопасности) предлагается методический подход к решению проблемы построения информационных технологий.}
}

%45
@Book{Kudruavtsev2010,
  author    = {Д. В. Кудрявцев},
  title     = {Системы управления знаниями и применение онтологий : учеб. пособие},
  publisher = {СПб. : Изд-во Политехн. ун-та},
  year      = {2010},
  numpages  = {344},
  language  = {russian},
  shorthand = {Криворуцкий.Д.В.СистемыУЗПОУП-2010кн},
  annotation = {Последовательно рассмотрены понятия знания, управления знаниями, системы управления знаниями. Представлен обзор современных методологий управления знаниями.}
}

%47
@Book{Mesarovich1978,
  author    = {М. Месарович and Я. Такахара},
  title     = {Общая теория систем: математические основы},
  organization = {пер. с англ. Э. Л. Наппельбаума ; под ред. С. В. Емельянова},
  publisher = {М. : Мир},
  year      = {1978},
  numpages  = {312},
  language  = {russian},
  shorthand = {Месарович.М.ОбщаяТСМО-1978кн},
  annotation = {В книге рассматриваются проблемы, связанные с введениеи понятия состояния системы, с управляемостью и реализуемостью системы, с возможностями ее структурной декомпозиции. Обсуждаются также проблемы устойчивости и возможности использования аппарата теории категорий.}
}

%48
@MISC{IMS,
    Title                  = {Метасистема {IMS}.ostis [Электронный ресурс]},
    Note                   = {Режим доступа: \url{http://ims.ostis.net}. --- Дата доступа: 24.11.2016},
    language  = {russian},    
    shorthand = {МетасистемаIMS-2016эл},
    annotation = {Официальный сайт метасистемы IMS.ostis}
}

%50
@Book{Moiseev1981,
  author    = {Н. Н. Моисеев},
  title     = {Математические задачи системного анализа : учеб. пособие},
  publisher = {М. : Наука},
  year      = {1981},
  numpages  = {488},
  language  = {russian},
  shorthand = {Моисеев.Н.Н.МатематическиеЗСАУП-1981кн},
  annotation = {В основу книги положен курс лекций, читаемый автором в Московском государственном университете по новой дисциплине - системному анализу. В ней содержится изложение методов исследования сложных систем с помощью ЭВМ; значительное внимание уделяется методам предварительной обработки систем уравнений, анализу систем и, прежде всего, методам асимптотического анализа. Излагаются основы теории управления.}
}
}

%51
@Article{Nikonenko2009,
  author   = {А. А. Никоненко},
  title    = {Обзор баз знаний онтологического типа},
  journal  = {Искусств. интеллект},
  year     = {2009},
  number   = {4},
  pages    = {208-219},
  language = {russian},
  shorthand = {Никоненко.А.А.ОбзорБЗОТ-2009ст},
  annotation = {В статье рассматриваются вопросы построения, структурирования, описания, классификации и использования онтологических баз знаний. Приведен обзор современных исследований, посвященных различным аспектам создания и использования онтологии.}
}

%52
@Article{Ovdei2016,
    author  = {О. М. Овдей and Г. Ю. Проскудина},
    title   = {Обзор инструментов инженерии онтологий [{Э}лектронный ресурс]},
    journal = {Электрон. б-ки.},
    volume = {7},
    year = {2004},
    number = {4},
    Note     = {Режим доступа: \url{http://www.elbib.ru/index.phtml?page=elbib/rus/journal/2004/part4/op}. --- Дата доступа: 30.11.2016},
    language  = {russian},    
    shorthand = {Овдей.О.М.ОбзорИИО-2004ст},
    annotation = {В статье представлен обзор известных инструментов инженерии онтологий для построения и объединения онтологий, а также средств аннотирования на основе онтологий. Рассмотрены основные функции и возможности данных инструментов, их достоинства и недостатки, а также дан сравнительный анализ.}
}

%53
@Book{Dobrov2006,
  author    = {Б. В. Добров and В. Д. Соловьев and В. В. Иванов and Н. В. Лукашевич},
  title     = {Онтологии и тезаурусы: модели, инструменты, приложения : учеб. пособие},
  publisher = {М. : Интернет-Ун-т Информ. технологий : БИНОМ. Лаб. знаний},
  year      = {2009},
  numpages      = {172},
  language  = {russian},
  shorthand = {Добров.Б.В.ОнтологииТМИПУП-2009кн},
  annotation = {В книге впервые на русском языке в систематизированной форме излагаются теоретические и практические вопросы использования онтологий и тезаурусов как способов организации информации и знаний в современных информационных системах.}
}

%54
@Book{Osipov1997,
  author        = {Г. С. Осипов},
  title         = {Приобретение знаний интеллектуальными системами: основы теории и технологии},
  publisher     = {М. : Наука : Физматлит},
  year          = {1997},
  numpages      = {112},
  language      = {russian},
  shorthand = {Осипов.Г.С.ПриобретениеЗИСОТТ-1997кн},
  annotation = {Описан новый подход к приобретению знаний интеллектуальными системами— на основе взаимодействия различных программных средств выявления знаний из таких источников, как тексты и базы данных, с интерактивными программными средствами приобретения знаний от экспертов.}
}

%55
@Book{Osipov2015,
  author    = {Г. С. Осипов},
  title     = {Методы искусственного интеллекта},
  publisher = {М. : Физматлит},
  year      = {2015},
  numpages  = {296},
  edition   = {2-е},
  isbn      = {978-5-9221-1655-8},
  language  = {russian},
  shorthand = {Осипов.Г.С.МетодыИИ-2015кн},
  annotation = {Монография содержит изложение основных методов искусственного интеллекта.}
}

%56
@InProceedings{Gribova2016,
  author    = {В. В. Грибова and А. С. Клещев and Ф. М. Москаленко and В. А. Тимченко and Л.А. Федорищев and Е. А. Шалфеева},
  title     = {Платформа для разработки облачных интеллектуальных сервисов},
  booktitle = {XV Национальная конференция по искусственному интеллекту с международным участием (КИИ-2016), Смоленск, 3–7 октября 2016 г. : труды : в 3 т.},
  organization = {Рос. ассоц. искусств. интеллекта, Федер. исслед. центр <<Информатика и управление>> Рос. акад. наук},
  year      = {2016},
  volume    = {1},
  pages     = {24-33},
  publisher = {Смоленск},
  language  = {russian},
  shorthand = {Грибова.В.В.ПлатформаРОИС-2016ст},
  annotation = {В работе описана платформа для разработки облачных интеллектуальных сервисов.}
}

%57
@Book{Pospelov1986,
  author    = {Д. А. Поспелов},
  title     = {Ситуационное управление: теория и практика},
  publisher = {М. : Наука},
  year      = {1986},
  numpages  = {284},
  language  = {russian},
  shorthand = {Поспелов.Д.А.СитуационноеУТП-1986кн},
  annotation = {Ситуационное управление - метод управления сложными техническими и организационными системами, основанный на идеях теории искусственного интеллекта: представление знаний об объекте управления и способах управления им на уровне логико-лингвистических моделей, использование обучения и обобщения в качестве основных процедур при построении процедур управления по текущим ситуациям, использование дедуктивных систем для построения многошаговых решений.}
}

%58
@Book{GolenkovPres2001,
  title        = {Представление и обработка знаний в графодинамических ассоциативных машинах},
  author       = {В. В. Голенков and О. Е. Елисеева and В. П. Ивашенко and В. М. Казан and Н. А. Гулякина and Н. В. Беззубенок and Т. Л. Лемешева and Р. Е. Сердюков and И. Б. Фоминых},
  organization = {под ред. В. В. Голенкова},
  year         = {2001},
  numpages     = {410},
  publisher    = {Минск : Белорус. гос. ун-т информатики и радиоэлектроники},
  isbn         = {985-444-312-4},
  language     = {russian},
  shorthand = {Голенков.В.В.ПредставлениеОЗГАМ-2001кн},
  annotation = {В книге рассмотрены графодинамические ассоциативные модели представления и обработки знаний в системах искусственного интеллекта. В основе этих моделей лежит, во-первых, представление всевозможных знаний в виде однородных семантических сетей, имеющих базовую теоретико-множественную интерпретацию, и, во-вторых, трактовка обработки знаний как графодинамического процесса, т.е. как процесса изменения конфигурации семантических сетей.}
}

%59
@Book{GolenkovProg2001,
  author        = {В. В. Голенков and Г. С. Осипов and Н. А. Гулякина and Р. Е. Сердюков and О. Е. Елисеева and Н. В. Беззубенок and В. П. Ивашенко and Т. Л. Лемешева and В.Ю. Никуленко and Т.В. Щербакова},
  title         = {Программирование в ассоциативных машинах = Programming in associative machines},
  publisher     = {Минск : Белорус. гос. ун-т информатики и радиоэлектроники},
  year          = {2001},
  numpages      = {274},
  language      = {russian},
  shorthand = {Голенков.В.В.ПрограммированиеАМ-2001кн},
  annotation = {В книге рассмотрено программирование в ассоциативных машинах.}
}

$60$
@Book{Rassel2006,
  author    = {С. Рассел and П. Норвиг},
  title     = {Искусственный интеллект: современный подход},
  publisher = {М. [и др.] : Вильямс},
  year      = {2016},
  edition   = {2-е},
  numpages  = {1407},
  language  = {russian},
  shorthand = {Рассел.С.ИскусственныйИСП-2016кн},
  annotation = {В книге представлены все современные достижения и изложены идеи, которые были сформулированы в исследованиях, проводившихся в течение последних пятидесяти лет, а также собраны на протяжении двух тысячелетий в областях знаний, ставших стимулом к развитию искусственного интеллекта как науки проектирования рациональных агентов.}
}

%61
@InProceedings{Rogushina2016,
  author    = {Ю. В. Рогушина},
  title     = {Семантические wiki-ресурсы и их использование для построения персонифицированных онтологий},
  booktitle = {Proceedings of the 10th International сonference of programming (UkrPROG’2016), Kyiv, 24–25 May 2016 / ed.: I. Sergienko, P. Andon},
  year      = {2016},
  pages     = {188-195},
  publisher = {Kyiv},
  language  = {russian},
  shorthand = {Рогушина.Ю.В.СемантическиеWРИППО-2016ст},
  annotation = {Рассматривается необходимость использования персонифицированных знаний в современных распределенных приложениях и источники получения таких знаний. Проанализированы особенности существующих Wiki-ресурсов и средства их семантической разметки.}
}

%62
@InProceedings{Rubashkin2006,
  key       = {Internet},
  author    = {В. Ш. Рубашкин},
  title     = {Онтологии: от информационно-поисковых тезаурусов к инженерии знаний [Электронный ресурс]},
  booktitle = {Российская ассоциация искусственного интеллекта},
  note      = {Режим доступа: \url{raai.org/resurs/papers/kii-2006/doklad/Rubashkin_1.doc}. – Дата доступа: 15.04.2018},
  language  = {russian},
  shorthand = {Рубашкин.В.Ш.ОнтологииИПТИЗ-2006ст},
  annotation = {В работе обсуждаются концептуальные рамки, направления и проблемы онтологического моделирования. Представлен авторский опыт разработки универсальной онтологии словарного типа и инструментальной среды, поддерживающей работу с ней.}
}

%63
@Book{Rubashkin2012,
  author    = {В. Ш. Рубашкин},
  title     = {Онтологическая семантика: знания, онтологии, онтологически ориентированные методы информационного анализа текстов},
  publisher = {М. : Физматлит},
  year      = {2012},
  numpages  = {346},
  language  = {russian},
  shorthand = {Рубашкин.В.Ш.ОнтологическаяСЗОООМИАТ-2012кн},
  annotation = {Книга имеет целью изложить в виде единой целостной концепции онтологический подход к комплексу проблем, связанных с концептуальным моделированием в целом и с задачей автоматического понимания делового текста и извлечения знаний из текста в частности.}
}

%65
@Article{Sloboduk2013,
  author   = {А. А. Слободюк and С. И. Маторин and С. Н. Четвериков},
  title    = {О подходе к созданию онтологий на основе системнообъектных моделей предметной области},
  journal  = {Науч. ведомости Белгор. гос. ун-та. Сер.: Экономика. Информатика},
  year     = {2013},
  number   = {22},
  pages    = {186-193},
  language = {russian},
  shorthand = {Слободюк.А.А.ПодходСООСМПО-2013ст},
  annotation = {В статье приведен обзор основных и наиболее распространенных методологий создания онтологий, проанализированы их проблемы и недостатки, а также рассмотрен вариант их классификации. Предложен новый подход к созданию онтологий на основе УФО-моделей предметной области.}
}

%67
@Article{Tarasov2003,
  author   = {В. Б. Тарасов},
  title    = {Управление знаниями в сетях предприятий},
  journal  = {Новости искусств. интеллекта},
  year     = {2003},
  number   = {3},
  pages    = {32-35},
  language = {russian},
  shorthand = {Тарасов.В.Б.УправлениеЗСП-2003ст},
  annotation = {В статье описано управление знаниями в сетях предприятий.}
}

%68
@Book{Averkin1992,
  title     = {Толковый словарь по искусственному интеллекту},
  publisher = {М. : Радио и связь},
  organization = {авт.-сост.: А. Н. Аверкин [и др.]},
  year      = {1992},
  numpages  = {254},
  language  = {russian},
  shorthand = {Аверкин.А.Н.ТолковыйСИИ-1992кн},
  annotation = {В книге рассматривается толковый словарь по искусственному интеллекту.}  
}

$69$
@Article{TuzovskiSystem2011,
  author   = {А. Ф. Тузовский and И. А. Заикин and В. З. Ямпольский},
  title    = {Система коллективной поддержки онтологических моделей},
  journal  = {Изв. Том. политехн. ун-та},
  year     = {2011},
  number   = {5},
  pages    = {89-94},
  language = {russian},
  shorthand = {Тузовский.А.Ф.СистемаКПОМ-2011ст},
  annotation = {В работе рассматривается система коллективной поддержки онтологических моделей.}
}

$70$
@Article{TuzovskiIntegration2011,
  author   = {А. Ф. Тузовский and В. З. Ямпольский},
  title    = {Интеграция информации с использованием технологий {S}emantic {W}eb},
  journal  = {Проблемы информатики},
  year     = {2011},
  number   = {2},
  pages    = {51-58},
  language = {russian},
  shorthand = {Тузовский.А.Ф.ИнтеграцияИИТSW-2011ст},
  annotation = {Описан подход к разработке систем виртуальной интеграции на основе использования технологий Semantic Web.}
}

%71
@Inproceedings{Shunkevich2016a,
  author    = {Д. В. Шункевич and А. В. Губаревич and М. Н. Святкина and О. Л. Моросин},
  title     = {Формальное семантическое описание целенаправленной деятельности различного вида субъектов},
  booktitle = {Открытые семантические технологии проектирования интеллектуальных систем (OSTIS-2016) : материалы VI Междунар. науч.-техн. конф., Минск, 18--20 февр. 2016 г.},
  organization = {Белорус. гос. ун-т информатики и радиоэлектроники ; редкол.: В. В. Голенков (отв. ред.) [и др.]},
  year      = {2016},
  pages     = {125-136},
  publisher = {Минск},
  language  = {russian},
  shorthand = {Шункевич.Д.В.ФормальноеСОЦДРВС-2016ст},
  annotation = {В работе рассматриваются формальные модели, позволяющие описывать целенаправленную деятельность субъектов различного рода с использованием семантических сетей с теоретико-множественной интерпретацией. В частности, рассматривается типология действий, понятие задачи как спецификации действия, отношения, используемые для спецификации действий.}
}

%72
@Article{Horoshevski2008,
  author   = {В. Ф. Хорошевский},
  title    = {Пространства знаний в сети Интернет и {S}emantic {W}eb (Ч. 1)},
  journal  = {Искусств. интеллект и принятие решений},
  year     = {2008},
  number   = {1},
  pages    = {80-97},
  language = {russian},
  shorthand = {Хорошевский.В.Ф.ПространстваЗСИSW-2008ст},
  annotation = {Представлено новое направление на стыке работ по искусственному интеллекту и Интернеттехнологиям – Семантический Вэб. Дается обзор состояния исследований, рассматриваются проблемы организации пространств знаний в Интернет, методы и средства извлечения знаний из текстов на естественных языках, а также вопросы использования пространств знаний при создании прикладных интеллектуальных систем, функционирующих в Интернет.}
}

%73
@Article{Chistiakova2014,
  author   = {И. С. Чистякова},
  title    = {Инженерия онтологий},
  journal  = {Iнженерiя программ. забезпечення},
  year     = {2014},
  number   = {20},
  pages    = {51-66},
  language = {russian},
  shorthand = {Чистякова.И.С.ИнженерияО-2014ст},
  annotation = {В статье рассматривается понятие инженерии онтологий, её основные составляющие, такие как процесс разработки, методологии построения онтологий, понятие жизненного цикла и его структура, набор инструментов и языков для построения и поддержки онтологий. Приведена обобщенная схема жизненного цикла онтологии, на основе существующих методологий их построения, которым дан развернутый обзор.}
}

%75
@InBook{Schedrovitski1984,
  author    = {Г. П. Щедровицкий},
  title     = {Синтез знаний: проблемы и методы},
  pages     = {67-99},
  booktitle = {На пути к теории научного знания : сб. ст.},
  organization = {Акад. наук СССР, Урал. науч. центр ; отв. ред. В. И. Корюкин},
  publisher = {М.},
  year      = {1984},
  language  = {russian},
  shorthand = {Щедровицкий.Г.П.СинтезЗПМ-1984ст},
  annotation = {В статье рассматривается синтез знаний: проблемы и методы.}
}

%77
@Article{Alatrish2013,
  author   = {E. Alatrish},
  title    = {Comparison Some of Ontology},
  journal  = {Management Inform. Systems},
  year     = {2013},
  volume   = {8},
  number   = {2},
  pages    = {18-24},
  language = {english},
  shorthand = {Alatrish.E.ComparisonSO-2013ст},
  annotation = {В этой статье рассматриваются некоторые программные инструменты, относящиеся к семантической сети.}
}

$78$
@Article{Bergman2016,
    key     = {INTERNET},
    author  = {M. Bergman},
    title   = {Knowledge-based artificial intelligence [{E}lectronic resource]},
    journal = {{AI}3: {A}daptive {I}nformation},
    Note     = {Mode of access: \url{http://www.mkbergman.com/1816/knowledge-based-artificial-intelligence}. --- Date of access: 14.10.2016},
    language  = {english},    
    shorthand = {Bergman.M.KnowledgeBAI-2013ст},
    annotation = {В этой статье рассматривается искусственный интеллект, основанный на знаниях.}
}

%79
@InProceedings{Bernaras1976,
  author    = {A. Bernaras and I. Laresgoiti and J. Corera},
  title     = {Building and Reusing Ontologies for Electrical network Applications},
  booktitle = {ECAI 96 : proc. of 12th Europ. Conf. on Artificial Intelligence, Budapest, 11–16 Aug. 1996},
  organization = {Europ. Coordinating Comm. for Artificial Intelligence},
  year      = {1996},
  pages     = {298-302},
  publisher = {Chichester},
  language  = {english},
  shorthand = {Bernaras.A.BuildingROENA-1996ст},
  annotation = {В этой статье рассматривается cоздание и повторное использование онтологий для приложений электрических сетей}
}

%80
@Article{OilEd2013,
  key       = {INTERNET},
  title     = {Building {DAML}+{OIL} Ontologies [{E}lectronic resource]},
  journal   = {{O}il{E}d},
  Note      = {Mode of access: \url{http://oiled.semanticweb.org/building}. --- Date of access: 24.05.2016},
  language  = {english},
  shorthand = {Stevens.R.BuildingDAMLOILO-2016ст},
  annotation = {В этой статье описывается подход к представлению и построению онтологий, отстаиваемый группами биоинформатики и медицинской информатики в Университете Манчестера.}
}

%81
@Article{Chalupsky2000,
    key = {INTERNET},
    title   = {{O}nto{M}orph: a translation system for symbolic knowledge [{E}lectronic resource]},
    author  = {H. Chalupsky},
    organization = {Information Sciences Institute},
    Note     = {Mode of access: \url{https://www.isi.edu/~hans/ontomorph/presentation/ontomorph.html}. --- Date of access: 19.05.2016},
    language  = {english},   
    shorthand = {Chalupsky.H.OntoMorphTSSK-2016ст},
    annotation = {Общей проблемой в течение жизненного цикла систем, основанных на знаниях, является то, что символически представленные знания необходимо перевести в другую форму.} 
}

%82
@Phdthesis{Chan2006,
  author       = {T. H. R. Chan},
  title        = {Design an integrated knowledge representation (IKR) model\space},
  year         = {2006},
  type         = {dissertation},
  publisher    = {Hong Kong},
  note         = {136 l.}, 
  language     = {english},
  shorthand = {Chan.T.H.DesignIKRM-2006дс},
  annotation = {Представление знаний становится все более важным в экономике, основанной на знаниях, где организациям необходимо создавать и хранить организационную память для поддержания своего конкурентного преимущества в бизнесе.}
}

%83
@Article{Chimaera2003,
    key = {INTERNET},
    title   = {Chimaera [{E}lectronic resource]},
    journal = {Knowledge systems, al laboratory},
    organization = {Stanford University},
    Note     = {Mode of access: \url{http://www.ksl.stanford.edu/software/chimaera/}. --- Date of access: 20.05.2016},
    language  = {english},    
    shorthand = {Chimaera-2003эл},
    annotation = {Официальный сайт Chimaera.}
}

%84
@Article{CLIPS,
    key     = {INTERNET},
    title   = {Clips - a tool for building expert systems [{E}lectronic resource]},
    Note     = {Mode of access: \url{http://clipsrules.sourceforge.net}. --- Date of access: 18.02.2018},
    language  = {english},  
    shorthand = {Clips-2015эл},
    annotation = {Официальный сайт Clips}  
}

%86
@Article{Aquina2012,
    key = {INTERNET},
    author       = {M. D'Aquina and N. F. Noyb},
    title        = {Where to Publish and Find Ontologies? {A} Survey of Ontology Libraries [{E}lectronic resource]},
    journal = {Web Semantics},
    volume = {11},
    year      = {2012},
    Note     = {Mode of access: \url{https://www.ncbi.nlm.nih.gov/pmc/articles/PMC3293483/pdf/nihms-324445.pdf}. --- Date of access: 20.05.2016},
    language  = {english},  
    shorthand = {D'Aquina.M.WherePFOSOL-2016ст},
    annotation = {В работе рассматривается обзор онтологических библиотек.}  
}

%87
@InProceedings{Debruyne2009,
  author    = {С. Debruyne and P. De Leenheer and R. Meersman},
  title     = {A Method and Tool for Fact Type Reuse in the DOGMA Ontology Framework},
  booktitle = {On the move to meaningful Internet systems: OTM 2009 : in 2 pt.}, 
  pages     = {1147--1164},
  publisher = {London ; Berlin : Springer},
  year      = {2009},
  series    = {2 pt.},
  language  = {english},
  shorthand = {Debruyne.C.MethodTFTRDOGMAOF-2016ст},
  annotation = {В работе рассматриваются метод и инструмент для повторного использования типа факта в структуре онтологии DOGMA.}
}

$88$
@Article{N-aryRelations2006,
  title         = {{D}efining {N}-ary relations on the semantic web [{E}lectronic resource]},
  journal       = {World Wide Web Consortium},
  Note          = {Mode of access: \url{https://www.w3.org/TR/swbp-n-aryRelations/\#pattern1}. --- Date of access: 30.09.2016},
  language      = {english},
  shorthand = {DNRSW-2006эл},
  annotation = {***}
}

%89
@Article{DOLCE,
  key       = {INTERNET},
  title     = {{DOLCE} : a Descriptive Ontology for Linguistic and Cognitive Engineering [{E}lectronic resource]},
  journal   = {Laboratory for Applied Ontology},
  Note      = {Mode of access: \url{http://www.loa.istc.cnr.it/old/DOLCE.html}. --- Date of access: 26.12.2016},
  language  = {english},
  shorthand = {DOLCEDOLCE-2009эл},
  annotation = {***}
}

%90
@Article{Euzenat1996,
  author        = {J. Euzenat},
  title         = {Corporate memory through cooperative creation of knowledge bases and hyper-documents [{E}lectronic resource]},
  journal       = {Knowledge Acquisition for Knowledge-Based Systems : Proc. of 10th Workshop, EKAW'97},
  Note          = {Mode of access: \url{http://ksi.cpsc.ucalgary.ca/KAW/KAW96/euzenat/euzenat96b.html}. --- Date of access: 30.10.2016},
   language     = {english},
   shorthand = {Euzenat.J.CorporateMTCCKBHD-1996ст},
   annotation = {Система Co4 предназначена для представления формальных знаний в форме объектов и задач. Он полностью чередуется с гипердокументами и, таким образом, обеспечивает интеграцию формальных и неформальных знаний.}
}

$91$
@InProceedings{Gomez1996,
  title         = {Towards a Method to Conceptualize Domain Ontologies},
  pages         = {41-51},
  booktitle     = {ECAI 96 : proc. of the 12th Europ. Conf. on Artificial Intelligence, Budapest, 11–16 Aug. 1996},
  organization  = {Europ. Coordinating Comm. for Artificial Intelligence ; ed. W. Wahlster},
  publisher     = {Budapest},
  year          = {1996},
  author        = {A. Gomez-Perez and M. Fernandez-Lopez and A. de Vicente},
  language      = {english},
  shorthand = {Gomez-Perez.A.TowardsMCDO-1996ст},
  annotation = {В этой работе представлен набор принципов, критериев разработки и процесса проверки, используемых в процессе концептуализации знаний согласованной онтологии области в области химических веществ.}
}

%92
@InProceedings{Gomez2009,
  author        = {A. Gomez-Perez and M.C. Suarez-Figueroa},
  title         = {Scenarios for Building Ontology Networks within the NeOn Methodology},
  booktitle     = {Proceedings of the Fifth International Conference on Knowledge Capture (K-CAP 2009)},
  organization  = {Assoc. for Computing Machinery, Spec. Interest Group on Artificial Intelligence},
  year          = {2009},
  pages         = {183-184},
  publisher     = {New York},
  language      = {english},
  shorthand = {Gomez-Perez.A.ScenariosBONWNOM-2009мк},
  annotation = {В этой работе представляем набор из девяти сценариев, определенных в методологии NeOn, для построения онтологических сетей.}
}

%93
@Article{Gruber1995,
  author   = {T. Gruber},
  title    = {Toward Principles for the Design of Ontologies Used for Knowledge Sharing},
  journal  = {Intern. J. of Human-Computer Studies},
  year     = {1995},
  volume   = {43},
  number   = {5/6},
  pages    = {907-928},
  language = {english},
  shorthand = {Gruber.T.TowardPDOUKS-1995ст},
  annotation = {Недавняя работа в Искусственном интеллекте (ИИ) исследует использование формальных онтологий как способ определения специфических для контента соглашений для совместного использования и повторного использования знаний между объектами программного обеспечения.}
}

%94
@Article{Gruninger1995,
  author   = {M. Gruninger and M.S. Fox},
  title    = {Methodology for the Design and Evaluation of Ontologies [{E}lectronic resource]},
  journal  = {Workshop on Basic Ontological Issues in Knowledge Sharing, IJCAI-95},
  Note          = {Mode of access: \url{http://citeseerx.ist.psu.edu/viewdoc/download;jsessionid=70152DBAFA34B86E22661C3E3F7C978F?doi=10.1.1.44.8723&rep=rep1&type=pdf}. --- Date of access: 30.10.2016},
  language = {english},
  shorthand = {Gruninger.M.MethodologyDEO-1995ст},
  annotation = {В работе рассматривается методология проектирования и оценки онтологий.}
}

%95
@Article{Guarino1995,
  author   = {N. Guarino},
  title    = {Formal ontology, conceptual analysis and knowledge representation},
  journal  = {Intern. J. of Human-Computer Studies},
  year     = {1995},
  volume   = {43},
  number   = {5/6},
  pages    = {625-640},
  language = {english},
  shorthand = {Guarino.N.FormalOCAKR-1995ст},
  annotation = {Целью данной статьи является защита систематического внедрения формальных онтологических принципов в текущую практику инженерии знаний, изучение различных взаимосвязей между онтологией и представлением знаний, а также представление последних тенденций в этой многообещающей области исследований.}
}

$97$
@Article{Hazman2011,
  author   = {M. Hazman and S. El-Beltagy and A. Rafea},
  title    = {Survey of Ontology Learning Approaches},
  journal  = {Intern. J. of Computer Applications},
  year     = {2011},
  volume   = {22},
  number   = {9},
  pages    = {36-43},
  language = {english},
  shorthand = {Hazman.M.SurveyOLA-2011ст},
  annotation = {Проблема, с которой сталкивается обучение по онтологии, - это узкое место в приобретении знаний, то есть трудность на самом деле моделировать знания, относящиеся к области интересов. Онтологии - это средство, с помощью которого мы можем моделировать и делиться знаниями между различными приложениями в определенной области.}
}

%98
@Article{HEflin2009,
  author   = {J. Heflin and J. Hendler},
  title    = {A portrait of the Semantic Web in Action},
  journal  = {IEEE Intelligent Systems},
  volume   = {16},
  number   = {2},    
  month    = {04},
  year     = {2001},
  pages    = {54-59},
  language = {english},
  shorthand = {Heflin.J.PortraitSWA-2001ст},
  annotation = {Без семантически обогащенного контента Интернет не сможет полностью реализовать свой потенциал. Авторы обсуждают инструменты и методы для генерации и обработки такого контента, тем самым закладывая основу для создания Семантической сети.}
}

%99
@Article{Benjamin1994,
  key         = {INTERNET},
  title       = {IDEF5 Method Report [{E}lectronic resource]},
  author      = {P. Benjamin and C. Menzel and R. Mayer and F. Fillion and M. Futrell and Paula S. deWitte and M. Lingineni},
  journal     = {Knowledge Based Systems},
  Note        = {Mode of access: \url{http://www.iso.staratel.com/IDEF/IDEF5/Idef5.pdf}. --- Date of access: 08.08.2016},
  language    = {english},
  shorthand = {Benjamin.P.IDEF5MR-1994ст},
  annotation = {Эта работа содержит подробное описание метода захвата описания онтологии IDEF5.}
}

$100$
@Article{Iqbal2013,
  author   = {R. Iqbal and A. Murad and A. Mustapha},
  title    = {An analysis of ontology engineering methodologies : a lit. rev.},
  journal  = {Research J. of Appl. Sciences, Engineering a. Technology},
  year     = {2013},
  volume   = {6},
  number   = {16},
  pages    = {48-62},
  language = {english},
  shorthand = {Iqbal.R.AnalysisOEMLR-2013ст},
  annotation = {В настоящее время широко распространено мнение, что онтология играет решающую роль в достижении цели для машины сети, также известной как семантическая сеть.}
}

%101
@Article{ISA88,
    key         = {INTERNET},
    title       = {{ISA}88, Batch Control [{E}lectronic resource]},
    journal     = {The International Society of Automation},
    Note        = {Mode of access: \url{https://www.isa.org/isa88}. --- Date of access: 08.08.2016},
    language    = {english},  
    shorthand = {ISA88BC-1995эл},
    annotation = {Официальный сайт, описывающий ISA88.}  
}

%102
@InCollection{Prolog,
  title         = {{ISO/IEC} 13211-1:1995 {I}nformation technology -- {P}rogramming languages -- {P}rolog -- {P}art 1: General core [{E}lectronic resource]},
  booktitle  = {International Organization for Standardization},
  language      = {english},

  Note          = {Mode of access: \url {https://www.iso.org/obp/ui/\#iso:std:iso-iec:13211:-1:ed-1:v1:en}. --- Date of access: 08.08.2016},
  shorthand = {ISOIECITPLPPGC-1995ст},
  annotation = {ISO (Международная организация по стандартизации) и IEC (Международная электротехническая комиссия) образуют специализированную систему для всемирной стандартизации.} 
}

%103
@Article{Jong1996,
    author      = {T. De Jong and M. G. M. Ferguson-Hessler},
    title       = {Types and qualities of knowledge},
    journal     = {Educational Psychologist},
    keywords    = {METIS-135368, IR-26717},
    year        = {1996},
    volume      = {31},
    number      = {2},
    pages       = {105--113},
    language    = {english},
    shorthand = {De Jong.T.TypesQK-1996ст},
    annotation = {Исследования в области обучения и обучения претендуют на центральную роль в концепции знания. В настоящее время принято считать, что база знаний человека состоит из различных типов знаний.}
}

%104
@Article{Karray2012,
  author   = {M. H. Karray and B. Chebel-Morello and N. Zerhouni},
  title    = {A formal ontology for industrial maintenance},
  journal  = {Appl. Ontology},
  year     = {2012},
  volume   = {7},
  number   = {3},
  pages    = {269-310},
  language = {english},
  shorthand = {Karray.M.N.FormalOIM-2012ст},
  annotation = {Быстрое развитие информационных и коммуникационных технологий привело к появлению множества систем и инструментов поддержки технического обслуживания, охватывающих все области обслуживания.}
}

$105    In Proc. of On the Move to Meaningful Internet Systems 2008: OTM Workshops - ORM (ORM 2008)$
@InProceedings{Leenheer2009,
  author    = {P. De Leenheer and С. Debruyne},
  title     = {DOGMA-MESS: A Tool for Fact-Oriented Collaborative Ontology Evolution},
  pages     = {797-806},
  booktitle     = {On the move to meaningful Internet systems: OTM 2008 Workshops},
  publisher = {Heidelberg : Springer},
  year      = {2009},
  editor    = {R. Meersman and Z. Tari and P. Herrero},
  language  = {English},
  shorthand = {De Leenheer.P.DOGMAMESSTFOCOE-2009ст},
  annotation = {Онтологии, являющиеся общими формальными спецификациями домена, являются важным рычагом для разработки значимых интернет-систем. Однако проблема не в том, что такое онтологии, а в том, как они становятся оперативно значимыми и устойчивыми в течение более длительных периодов времени.}
}

%106
@Article{MediaWiki2016,
  key       = {INTERNET},
  title     = {Media{W}iki [{E}lectronic resource]},
  Note      = {Mode of access: \url{https://www.mediawiki.org.}. --- Date of access: 26.11.2016},
  language  = {english},
  shorthand = {MediaW-2016эл},
  annotation = {Официальный сайт MediaWiki.}
}

%107
@Article{Miller1956,
    author      = {G. A. Miller},
    title       = {The magical number seven, plus or minus 2: some limits on our capacity for processing information},
    journal     = {Psychological Rev.},
    year        = {1956},
    month       = {04},
    pages       = {81-97},
    volume      = {63},
    number      = {2},
    language    = {english},
    shorthand = {Miller.G.A.MagicalNSPMSLCPI-1956ст},
    annotation = {Разнообразные исследования рассматриваются с точки зрения теории информации. Показано, что наблюдатель без посторонней помощи строго ограничен с точки зрения количества информации, которую он может получать, обрабатывать и запоминать.}
}

%108
@Book{Mizoguchi1995,
  author        = {R. Mizoguchi and J. Vanwelkenhuysen and M. Ikeda},
  title         = {Towards very large knowledge bases: knowledge building \& knowledge sharing},
  publisher     = {Amsterdam : IOS Press},
  numpages      = {306},
  year          = {1995},
  editor        = {N. Mars},
  language      = {English},
  shorthand = {Mizoguchi.R.TowardsVLKBKBKS-1995кн},
  annotation = {В первые годы искусственного интеллекта считалось, что мощные компьютеры в будущем позволят человечеству решать многие реальные проблемы за счет использования очень общих процедур вывода и очень небольшого количества предметно-ориентированных знаний.}
}

%109
@InProceedings{Varges-Vera2002,
  author    = {M. Vargas-Vera and E. Motta and J. Domingue and M. Lanzoni and A. Stutt and F. Ciravegna},
  title     = {{MnM}: ontology driven semi-automatic and automatic support for semantic markup},
  booktitle = {Knowledge engineering and knowledge management: ontologies and the semantic web : proc. of the 13th intern. conf., Siguenza, 1--4 Oct. 2002},
  editor    = {A. Gomez-Perez and V. R. Benjaminsns},
  year      = {2002},
  pages     = {379-391},
  publisher = {Berlin ; New York},
  language  = {English},
  shorthand = {Vargas-Vera.M.MnMODSAASSM-2002ст},
  annotation = {Важной предпосылкой для реализации цели семантической сети является возможность аннотировать веб-ресурсы семантической информацией. Для выполнения этой задачи пользователям необходимы соответствующие языки представления, онтологии и инструменты поддержки.}
}


%110
@InProceedings{Nicola1997,
  author        = {A. De Nicola and M. Missikoff and R. Navigli}, 
  title         = {A Proposal for a Unified Process for Ontology Building: UPON},
  booktitle     = {Database and expert systems applications : proc. of the 16th intern. conf. (DEXA 2005), Copenhagen, 22–26 Aug. 2005},
  publisher     = {New York ; Berlin : Springer},
  year          = {1997},
  pages         = {655-664},
  editor        = {K. Andersen and J. Debenham and R. Wagner},
  language      = {English},
  shorthand = {De Nicola.A.ProposalUPOBUPON-1997ст},
  annotation = {Онтологии являются основой Семантической сети, семантической версии Всемирной паутины. Для того чтобы сделать доступными крупномасштабные, высококачественные доменные онтологии, необходимы эффективные и пригодные для использования методологии для облегчения процесса построения онтологий.}
}

%111
@Article{ONION2006,
    key         = {INTERNET},
    title       = {{ONION} [{E}lectronic resource]},
    journal     = {Ontolog},
    Note        = {Mode of access: \url{http://ontolog.cim3.net/wiki/ONION.html}. --- Date of access: 08.05.2016},
    language    = {english},    
    shorthand = {ONION-2006эл},
    annotation = {Официальный сайт ONION.}
}

%112
@Article{Ontaria,
    key         = {INTERNET},
    title       = {Ontaria: easy access to the semantic web [{E}lectronic resource]},
    journal     = {World Wide Web Consortium},
    Note        = {Mode of access: \url{https://www.w3.org/2004/ontaria/}. --- Date of access: 08.05.2016},
    language    = {english},
    shorthand = {OntariaEASW-2004эл},
    annotation = {Официальный сайт Ontaria.}    
}

%113
@InProceedings{OntoEdit2002,
  author    = {Y. Sure and M. Erdmann and J. Angele and S. Staab and R. Studer and D. Wenke},
  title     = {Ontoedit: collaborative ontology development for the semantic web},
  booktitle = {The Semantic Web (ISWC 2002) : proc. of the first Intern. semantic web conf., Sardinia, 9–12 June 2002},
  editor    = {I. Horrocks and J. Hendler},
  year      = {2002},
  pages     = {221-235},
  publisher = {Berlin},
  language  = {English},
  shorthand = {Sure.Y.OntoeditCODSW-2002ст},
  annotation = {Онтологии теперь играют важную роль для включения семантической сети. Они обеспечивают источник точно определенных терминов, например, для наукоемких приложений.}  
}

%114
@Article{Ontolingua2005,
  key           = {INTERNET},
  title         = {Ontolingua [{E}lectronic resource]},
  journal       = {Knowledge systems, al laboratory},
  organization  = {Stanford University},
  Note          = {Mode of access: \url{http://www.ksl.stanford.edu/software/ontolingua}. --- Date of access: 29.05.2016},
  language      = {english},
  shorthand = {Ontolingua-2005эл},
  annotation = {Официальный сайт Ontolingua.} 
}

%116
@Article{OntologySystemEnhanced2003,
  key           = {INTERNET},
  title         = {Ontology based system enhanced with relationships for vocabulary hEterogeneity resolution [{E}lectronic resource]},
  journal       = {SID Research Group},
  Note          = {Mode of access: \url{http://sid.cps.unizar.es/OBSERVER}. --- Date of access: 16.05.2016},
  language      = {english},
  shorthand = {OntologyBSEWRVHER-2003эл},
  annotation = {Официальный сайт Ontology System Enhanced.}
}

%117
@Article{OntologyTools2016,
  key           = {INTERNET},
  title         = {Ontology tools [{E}lectronic resource]},
  journal       = {Open Semantic Framework},
  Note          = {Mode of access: \url{http://wiki.opensemanticframework.org/index.php/Ontology_Tools}. --- Date of access: 21.09.2016},
  language      = {english},
  shorthand = {OntologyT-2016эл},
  annotation = {***}
}

%118
@Article{OntoMerge78,
    key         = {INTERNET},
    title       = {{OntoMerge}: ontology translation by merging ontologies [{E}lectronic resource]},
    journal     = {Computer Science},
    Note        = {Mode of access: \url{http://cs-www.cs.yale.edu/homes/dvm/daml/ontology-translation.html}. --- Date of access: 19.10.2016},
    language    = {english},
    shorthand = {OntoMergeOTMO-1978эл},
    annotation = {Официальный сайт OntoMerge.}
}

%119
@Article{OpenCyc,
    title       = {{OpenCyc} [{E}lectronic resource]},
    journal     = {Cycorp},
    Note        = {Mode of access: \url{http://www.cyc.com/opencyc/}. --- Date of access: 28.09.2016},
    language    = {english},
    shorthand = {OpenC-1984эл},
    annotation = {***}
}

$120$
@Article{OWL2012,
    title       = {{OWL} 2 web ontology language document overview [{E}lectronic resource]},
    journal     = {World Wide Web Consortium},
    Note        = {Mode of access: \url{https://www.w3.org/TR/owl2-overview}. --- Date of access: 24.04.2016},
    language    = {english},
    shorthand = {OWLWOLDO-2012эл},
    annotation = {Официальный сайт, описывающий язык веб-онтологий OWL 2.}

}


$121$
@Article{OWL2016,
    title       = {{OWL/I}mplementations [{E}lectronic resource]},
    journal     = {World Wide Web Consortium},
    Note        = {Mode of access: \url{https://www.w3.org/2001/sw/wiki/OWL/Implementations}. --- Date of access: 24.04.2016},
    language    = {english},
    shorthand = {OWLI-2012эл},
    annotation = {***}
}

%122
@InProceedings{Pinto2004,
  author    = {H. Sofia Pinto and S. Staab and Chr. Tempich},
  title     = {DILIGENT: Towards a fine-grained methodology for distributed, Loosely-controlled and evolving Engineering of ontologies},
  booktitle = {European Conference on Artificial Intelligence (ECAI'04) : proc. of the 16th  Conference, Valencia, Spain -- August 22--27, 2004},
  year      = {2004},
  pages     = {393-397},
  publisher = {Amsterdam},
  language  = {english},
  shorthand = {Sofia Pinto.H.DILIGENTTFGMDLCEEO-2004ст},
  annotation = {Онтологии теперь играют важную роль для включения семантической сети. Они обеспечивают источник точно определенных терминов, например, для наукоемких приложений.}
}

%123
@Article{Domigue2016,
    key     = {INTERNET},
    title   = {Projects [{E}lectronic resource]},
    journal = {Knowledge Media Institute},
    Note     = {Mode of access: \url{http://kmi.open.ac.uk/projects}. --- Date of access: 22.05.2016},
    language  = {english},
    shorthand = {Projects-2016эл},
    annotation = {***}
}

%124
@Article{PROMPT2016,
  key       = {INTERNET},
  title     = {{PROMPT} [{E}lectronic resource]},
  journal   = {Protege Wiki},
  author    = {N. Noy and M. Klein and S. Kunnatur and A. Chugh and S. Falconer},
  Note      = {Mode of access: \url{https://protegewiki.stanford.edu/wiki/PROMPT}. --- Date of access: 23.11.2016},
  language  = {english},
  shorthand = {PROMPT-2016эл},
  annotation = {Офицальный сайт PROMPT.}
}

%125
@Article{Protege2016,
  key       = {INTERNET},
  title     = {Protege [{E}lectronic resource]},
  Note      = {Mode of access: \url{http://protege.stanford.edu}. --- Date of access: 27.05.2016},
  language  = {english},
  shorthand = {Protege-2016эл},
  annotation = {Офицальный сайт редактора онтологий Protege.} 
}

$126$
@Article{Raman2006,
  author    = {M. Raman},
  title     = {Wiki technology as a <<free>> collaborative tool within an organizational setting},
  journal   = {Inform. Systems Management},
  year      = {2006},
  volume    = {23},
  number    = {4},
  pages     = {59-66},
  language  = {english},
  shorthand = {Raman.M.WikiTFCTWOS-2006ст},
  annotation = {Эта статья содержит краткое руководство по технологии Wiki в качестве инструмента для совместной работы.}
}

%127
@Article{Semantics,
    key         = {INTERNET},
    title       = {{RDF} 1.1 semantics [{E}lectronic resource]},
    journal     = {World Wide Web Consortium},
    Note        = {Mode of access: \url{https://www.w3.org/TR/2014/REC-rdf11-mt-20140225}. --- Date of access: 08.08.2016},
    language    = {english},  
    shorthand = {RDFS-2016эл},
    annotation = {Официальный сайт, описывающий семантику RDF 1.1}  
}

%128
@Article{Reddy2015,
  author   = {E. J. Reddy and C. N. V. Sridhar and V. Pandu Rangadu},
  title    = {Knowledge based engineering: notion, approaches and future trends},
  journal  = {Amer. J. of Intelligent Systems},
  year     = {2015},
  volume   = {5},
  number   = {1},
  pages    = {1-17},
  language = {english},
  shorthand = {Reddy.E.J.KnowledgeBENAFT-2015ст},
  annotation = {Инженерия, основанная на знаниях (KBE), - это область исследований для проектирования продуктов, которая включает в себя сложные итерационные процессы, основанные на методологиях и технологиях для сбора и повторного использования знаний о продуктах.}
}

%129
@Article{RepresOWL2005,
    key         = {INTERNET},
    title       = {Representing specified values in {OWL}: <<value partitions>> and <<value sets>> [{E}lectronic resource]},
    journal     = {World Wide Web Consortium},
    Note        = {Mode of access: \url{https://www.w3.org/TR/swbp-specified-values}. --- Date of access: 25.09.2016},
    language    = {english},   
    shorthand = {RepresentingSVOWL-2005эл},
    annotation = {***}   
}

%130
@Article{Sainter2000,
  author       = {P. Sainter and K. Oldham and A. Larkin},
  title        = {Achieving benefits from knowledge-based engineering systems in the longer term as well as in the short term},
  journal      = {Semantic Scholar},
  Note        = {Mode of access: \url{https://pdfs.semanticscholar.org/0edc/b90ca6601192e10d7eb2fd03147fb72e1f9d.pdf}. --- Date of access: 23.11.2016},
  language     = {english},
  shorthand = {Sainter.P.AchievingBKBESLTWST-2000ст},
  annotation = {Развертывание инженерных систем, основанных на знаниях, растет в машиностроительных отраслях.Следовательно, необходимо обеспечить правильное использование технологии и предоставить пользователю все возможные преимущества, которые может предложить система. В этом документе рассматривается, как можно управлять знаниями о продукте в инженерных системах, основанных на знаниях, чтобы гарантировать, что знания сохраняют свою ценность и полезность в течение жизненного цикла продукта.}
}

%131
@Electronic{SchemaWeb,
  title        = {Schema.org [{E}lectronic resource]},
  Note         = {Mode of access: \url{http://schema.org}. --- Date of access: 08.08.2016},
  language     = {english},
  shorthand = {SchemaO-2016эл},
  annotation = {Официальный сайт Schema.} 
}

%132
@Electronic{SemMediaWiki2016,
  title     = {Semantic {MediaWiki} [{E}lectronic resource]},
  Note     = {Mode of access: \url{https://www.semantic-mediawiki.org}. --- Date of access: 21.10.2016},
  language  = {english},
  shorthand = {SemanticMW-2016эл},
  annotation = {Официальный сайт Semantic MediaWiki.} 
}

%133
@Article{Sowa1995,
  author   = {J. F. Sowa},
  title    = {Top-level ontological categories},
  journal  = {Intern. J. of Human-Computer Studies},
  year     = {1995},
  volume   = {43},    
  number   = {5/6},
  pages    = {669-685},
  language = {english},
  shorthand = {Sowa.J.F.TopLOC-1995ст},
  annotation = {Категории верхнего уровня онтологии получены из контрастирующих признаков, которые отличают объекты предметной области. Каждая отличительная особенность связана с аксиомами, которые наследуются каждой сущностью или категорией сущностей, которые имеют эту особенность.}
}

%135
@inproceedings{FCA-Merge,
    author          = {G. Stumme and A. Maedche},
    title           = {Fca-merge: bottom-up merging of ontologies},
    booktitle       = {IJCAI-01 : proc. of the seventeenth Intern. joint conf. on artificial intelligence, Seattle, 4–10 Aug. 2001},
    organization    = {Amer. Assoc. for Artificial Intelligence ; ed. B. Nebel},
    year            = {2001},
    pages           = {225--230},
    publisher       = {San Francisco},
    language        = {english},
    shorthand = {Stumme.G.FcaMBUMO-1995ст},
    annotation = {Онтологии были созданы для обмена знаниями и широко используются в качестве средства для концептуального структурирования областей интересов. С ростом использования онтологий проблема совмещения знаний в общей области становится критической.}
} 

%136
@Electronic{SUMO,
  title     = {Suggested Upper Merged Ontology (SUMO) [{E}lectronic resource]},
  Note     = {Mode of access: \url{http://www.adampease.org/OP/}. --- Date of access: 21.11.2016},
  language  = {english},
  shorthand = {SuggestedUMO-2016эл},
  annotation = {Официальный сайт Semantic Suggested Upper Merged Ontology (SUMO).}
}

%137
@InProceedings{Tudorache2008,
  author    = {T. Tudorache and N. Noy and S. Tu and M. Musen},
  title     = {Supporting collaborative ontology development in Protege},
  booktitle = {The semantic web (ISWC 2008) : proc. of the 7th Intern. semantic web conf., Karlsruhe, 26–30 Oct. 2008},
  editor    = {D. Hutchison [et al.]},
  year      = {2008},
  pages     = {17-32},
  publisher = {Karlsruhe},
  language  = {Eenglish},
  shorthand = {Tudorache.T.SupportingCODP-2008ст},
  annotation = {Онтологии становятся настолько обширными в своем охвате, что ни один человек или небольшая группа людей не могут эффективно их развивать, и разработка онтологий становится предприятием на базе сообщества. В этой статье мы обсудим требования для поддержки совместной разработки онтологий и представим Collaborative Protégé - инструмент, который поддерживает многие из этих требований, такие как обсуждения, интегрированные с процессом редактирования онтологий, чаты и аннотации изменений и компонентов онтологии.}
}

%138
@Article{CycL2016,
    title       = {The syntax of {CycL} [{E}lectronic resource]},
    journal     = {Cycorp},
    Note        = {Mode of access: \url{http://www.cyc.com/documentation/ontologists-handbook/cyc-basics/syntax-cycl}. --- Date of access: 26.08.2016},
    language    = {english},
    shorthand = {SyntaxC-2016эл},
    annotation = {***}
}

%139
@INBOOK{Tartir2008,
  author    = {S. Tartir and I. Arpinar and A. Sheth},
  title     = {Ontological evaluation and validation},
  booktitle = {Theory and applications of ontology: philosophical perspectives},
  editor    = {R. Poli and J. Seibt},
  publisher = {Berlin},
  year      = {2010},
  pages     = {115-130},
  language  = {English},
  shorthand = {Tartir.S.OntologicalEV-2008ст},
  annotation = {В последние несколько лет Семантическая паутина получила научное признание как средство обмена знаниями в разных областях, и краеугольным камнем семантической паутины являются онтологии.В настоящее время пользователи, пытающиеся внедрить онтологии в свои приложения, должны полагаться на свой опыт, чтобы попытаться найти подходящую онтологию для своих приложений.}
}

%140
@Article{Eriksson1995,
  author    = {H. Eriksson and Y. Shahar and S. Tu and A. Puerta and M. Musen},
  title     = {Task modeling with reusable problem-solving methods},
  journal   = {Artificial Intelligence},
  year      = {1995},
  volume    = {79},
  number    = {2},
  pages     = {293-326},
  language  = {english},
  shorthand = {Eriksson.H.TaskMRPSM-1995ст},
  annotation = {Методы решения проблем для систем, основанных на знаниях, устанавливают поведение таких систем путем определения ролей, в которых используются знания предметной области, и упорядочения выводов.Разработчики могут составлять методы решения проблем, которые выполняют сложные прикладные задачи, из простых, многократно используемых методов.}
}

%141
@Article{Swartout1997,
    author      = {B. Swartout and R. Patil and K. Knight and T. Russ},
    title       = {Toward distributed use of large-scale ontologies [{E}lectronic resource]},
    journal     = {Semantic Scholar},
    Note        = {Mode of access: \url{https://www.semanticscholar.org/paper/Toward-Distributed-Use-of-Large-Scale-Ontologies-Swartout-Patil/07b64a07e6d56a91f2471975a3922e3fcd9ff2d7?tab=abstract}. --- Date of access: 26.08.2016},
    language    = {english},
    shorthand = {Swartout.B.TowardDULSO-1997ст},
    annotation = {Крупномасштабные системы баз знаний сложно и дорого построить. Если бы мы могли обмениваться знаниями между системами, расходы были бы сокращены. Однако, поскольку базы знаний, как правило, создаются с нуля, каждая из которых имеет свою особую структуру, обмен информацией затруднен.}
}

%142
@Book{Wielinga1994,
    title         = {Towards very large knowledge bases: knowledge building \& knowledge sharing},
    editor        = {N. J. I. Mars},
    publisher     = {Amsterdam : IOS Press ; Tokyo : Ohmsha},
    numpages      = {306},
    year          = {1995},
    language      = {English},
    shorthand = {Mars.N.J.TowardsVLKBKBKS-1995кн},
    annotation = {В первые годы искусственного интеллекта считалось, что мощные компьютеры в будущем позволят человечеству решать многие реальные проблемы за счет использования очень общих процедур вывода и очень небольшого количества предметно-ориентированных знаний.}
}

%143
@Article{Uschold1996,
  author    = {M. Uschold and M. Grueninger},
  title     = {Ontologies: principles, methods and applications},
  journal   = {The Knowledge Engineering Rev},
  year      = {1996},
  volume    = {11},
  number    = {2},
  pages     = {93-136},
  language  = {english},
  shorthand = {Uschold.M.OntologiesPMA-1996ст},
  annotation = {Этот статья призвана служить всеобъемлющим введением в возникающую область, связанную с разработкой и использованием онтологий.}
}

%144
@Book{Wasson2005,
  author    = {C. S. Wasson},
  title     = {System analysis, design, and development: concepts, principles, and practices},
  publisher = {Hoboken : J. Wiley \& Sons},
  year      = {2016},
  edition   = {2nd},
  numpages  = {846},
  language  = {english},
  shorthand = {Wasson.C.S.SystemADDCPP-2005кн},
  annotation = {Написанный в практическом, простом для понимания стиле, этот текст представляет собой пошаговое руководство по системному анализу и проектированию, представляя концепции, принципы и практики с помощью тематических, ориентированных на уроки глав.}
}

%145
@Electronic{WordNet,
  title     = {What is {WordNet}? [{E}lectronic resource]},
  Note      = {Mode of access: \url{https://wordnet.princeton.edu/}. --- Date of access: 25.11.2016},
  language  = {english},
  shorthand = {WhatWN-2016эл},
  annotation = {Официальный сайт WordNet.}
}

%146
@Electronic{W3C,
  title     = {World {W}ide {W}eb {C}onsortium [{E}lectronic resource]},
  Note      = {Mode of access: \url{http://www.w3.org}. --- Date of access: 24.11.2016},
  language  = {english},
  shorthand = {WorldWWC-2016эл},
  annotation = {Официальный сайт W3C.}
}

$147$
@Article{SoftwareExpertSystems2016,
  title     = {World’s {L}eading {S}oftware {P}latform for {R}eal-{T}ime {E}xpert {S}ystems [{E}lectronic resource]},
  journal   = {Gensym},
  Note      = {Mode of access: \url{http://www.gensym.com/platforms}. --- Date of access: 14.04.2016},
  owner     = {Gensym},
  language  = {english},
  shorthand = {WorldLSPRTES-2016эл},
  annotation = {***}
}

%148
@Book{Kalinichenko1983,
  title     = {Методы и средства интеграции неоднородных баз данных},
  address   = {М.},
  publisher = {Наука},
  year      = {1983},
  author    = {Л.А. Калиниченко},
  numpages  = {423},
  language  = {russian},
  shorthand = {Калиниченко.Л.А.МетодыСИНБД-1983кн},
  annotation = {В книге рассмотрены теоретические проблемы и аспекты реализации, связанные с разработкой идеи интеграции неоднородных баз данных с целью обеспечения одновременного и совместного использования прикладной программой нескольких баз данных, организованных в рамках различных систем управления базами данных (СУБД). При интеграции удается преодолеть программную и информационную несовместимость баз данных, применяемых в СУБД.}
}

%149
@inproceedings{Hardzei2005,
	author          = {А. Н. Гордей},
	title           = {Основания комбинаторной семантики},
	booktitle       = {Cлово и словарь: сборник научных статей по лексикографии},
	organization    = {Гродно, ГрГУ; отв. ред. Л. В. Рычкова [и др.]},
	year            = {2005},
	pages           = {32--35},
	publisher       = {Гродно},
	language        = {russian},
	shorthand = {Гордей.А.Н.ОснованияКС-2005ст},
	annotation = {***}
}

%150
@Electronic{Hardzei2017,
	author = {А. Н. Гордей},
	title = {Theory for Automatic Generation of Knowledge Architecture: TAPAZ-2},
	Note = {Mode of access: \url{http://tapaz.by}. --- Date of access: accessed 18.04.2021},
	language = {english},
	shorthand = {Гордей.А.Н.TheoryAGK-2017эл},
	annotation = {Официальный сайт Semantic Suggested Upper Merged Ontology (SUMO).}
}

%151
@inproceedings{Fillmore1977,
	author          = {Ch. J. Fillmore},
	title           = {The Case for Case Reopened. Syntax andSemantics},
	booktitle       = {Syntax andSemantics. vol. 8},
	organization    = {Academic Press},
	year            = {1977},
	pages           = {32--35},
	publisher       = {New-York},
	language        = {english},
	shorthand = {Fillmore.Ch.J.TheCCR-1977ст},
	annotation = {***}
}

%152
@inproceedings{Fillmore1982,
	author          = {Ch. J. Fillmore},
	title           = {Frame Semantics},
	booktitle       = {Linguistics in the MorningCalm. Papers Prepared for the 1981 Seoul International Conferenceon Linguistics.},
	organization    = {Hanshin Publishing Co.},
	year            = {1982},
	pages           = {111--137},
	publisher       = {Seoul},
	language        = {english},
	shorthand = {Fillmore.Ch.J.FrameS-2005ст},
	annotation = {***}
}

%153
@inproceedings{Hardzei2007,
	author          = {А. Н. Гордей},
	title           = {Виртуальная цепь как синтаксический код предложения (на примере китайского языка)},
	booktitle       = {Язык, общество и проблемы межкультурной коммуникации: Материалы Междунар. науч. конф., Гродно, 22–23 нояб. 2007 г. в 2 ч.},
	organization    = {Гродно, ГрГУ},
	year            = {2007},
	pages           = {349--358},
	publisher       = {Гродно},
	language        = {russian},
	shorthand = {Гордей.А.Н.ВиртуальнаяЦКСКП-2007ст},
	annotation = {***}
}

%154
@inproceedings{Hardzei2006,
	author          = {А. Н. Гордей},
	title           = {Parts of Language and the Procedures of Its Delineation},
	booktitle       = {Пути поднебесной},
	organization    = {Минск, БГУ},
	year            = {2006},
	pages           = {69--75},
	publisher       = {Минск},
	language        = {russian},
	shorthand = {Гордей.А.Н.ВиртуальнаяЦКСКП-2007ст},
	annotation = {***}
}

%155
@inproceedings{Hardzei2015,
	author          = {А. Н. Гордей},
	title           = {О комбинаторике числовых знаков в китайском языке},
	booktitle       = {Научные чтения, посвящённые Виктору Владимировичу Мартынову: сб. науч. тр.},
	organization    = {РИВШ},
	year            = {2015},
	pages           = {12--14},
	publisher       = {Минск},
	language        = {russian},
	shorthand = {Гордей.А.Н.ОКЧЗКЯ-2007ст},
	annotation = {***}
}

%156
@inbook{Hardzei2020,
	author = {А. Н. Гордей},
	year = {2020},
	month = {10},
	pages = {176-197},
	title = {Plagiarism Problem Solving Based on Combinatory Semantics},
	isbn = {978-3-030-60446-2},
	doi = {10.1007/978-3-030-60447-9_11},
	language = {english},
	shorthand = {Гордей.А.Н.PlagiarismPSBCS-2020ст},
	annotation = {***}
}

%157
@inproceedings{Hardzei2007a,
	author          = {А. Н. Гордей},
	title           = {Виртуальная цепь как синтаксический код предложения (на примере китайского языка)},
	booktitle       = {Язык, общество и проблемы межкультурной коммуникации: Материалы Междунар. науч. конф.},
	organization    = {ГрГУ},
	year            = {2007},
	pages           = {349--358},
	publisher       = {Гродно},
	language        = {russian},
	shorthand = {Гордей.А.Н.ВиртуальнаяЦКСКП-2007ст},
	annotation = {***}
}

%158
@inproceedings{Hardzei2017a,
	author          = {А. Н. Гордей},
	title           = {Динамический синтаксис в семантическом представлении},
	booktitle       = {Иностранные языки в высшей школе. -- Вып. 4(43).},
	organization    = {Рязань : Редакц.-изд. центр РГУ им. С. А. Есенина},
	year            = {2017},
	pages           = {26-34},
	publisher       = {Рязань},
	language        = {russian},
	shorthand = {Гордей.А.Н.ДинамическийССП-2017ст},
	annotation = {***}
}

%159
@Electronic{Hardzei2007b,
	author          = {А. Н. Гордей},
	title           = {Теоретическая грамматика восточных языков: лекционный курс},
	year            = {2007},
	publisher       = {Минск},
	language        = {russian},
	shorthand = {Гордей.А.Н.ТеоретическаяГВЯЛК-2007эл},
	annotation = {***}
}

%160
@Article{ABRAMS19991695,
    title= {UIML: an appliance-independent XML user interface language},
    journal = {Computer Networks},
    volume = {31},
    number = {11},
    pages = {1695--1708},
    year = {1999},
    issn = {1389-1286},
    doi = {https://doi.org/10.1016/S1389-1286(99)00044-4},
    url = {https://www.sciencedirect.com/science/article/pii/S1389128699000444},
    author = {Marc Abrams and Constantinos Phanouriou and Alan L Batongbacal and Stephen M Williams and Jonathan E Shuster},
    keywords = {UIML, XML, User interfaces, Accessibility, Handheld/mobile devices},
    shorthand = {Abrams.M.UIML-AIXUIL-1995ст},
    annotation = {***}
}

%161
@inproceedings{UsiXML,
    author = {Limbourg, Quentin and Vanderdonckt, Jean},
    year = {2004},
    month = {01},
    pages = {325--338},
    title = {UsiXML: A User Interface Description Language Supporting Multiple Levels of Independence},
    shorthand = {Limbourg.Q.UsiXML-AUIDLSMLOI-2004ст},
    annotation = {***}
}

%162
@inproceedings{CAP3,
    author = {Van den Bergh, Jan and Luyten, Kris and Coninx, Karin},
    year = {2011},
    month = {08},
    pages = {31--40},
    title = {CAP3: Context-sensitive abstract user interface specification},
    doi = {10.1145/1996461.1996491},
    shorthand = {Van den Bergh.J.CAP3-CSAUIS-2011ст},
    annotation = {***}
}

%163
@Article{MARIA,
    author = {Paternò, Fabio and Santoro, Carmen and Spano, Lucio},
    year = {2009},
    month = {11},
    title = {MARIA: A universal, declarative, multiple abstraction-level language for service-oriented applications in ubiquitous environments},
    volume = {16},
    journal = {ACM Trans. Comput.-Hum. Interact.},
    doi = {10.1145/1614390.1614394},
    shorthand = {Paternò.F.MARIA-AUDMALLFSOAIUE-2009ст},
    annotation = {***}
}

%164
@inproceedings{JANUS,
    author = {Balzert, Helmut and Hofmann, Frank and Kruschinski, Volker and Niemann, Christoph},
    year = {1996},
    month = {06},
    title = {The JANUS Application Development Environment—Generating More than the User Interface},
    shorthand = {Balzert.H.The-JANUS-ADEGMTTUI-1996ст},
    annotation = {***}
}

%165
@inproceedings{Mecano,
    author = {Puerta, Angel and Eriksson, Henrik and Gennari, John and Musen, Mark},
    year = {1994},
    month = {01},
    pages = {353--366},
    title = {Beyond Data Models for Automated User Interface Generation.},
    shorthand = {Puerta.A.Beyond-DMFAUIG-1994ст},
    annotation = {***}
}

%166
@inproceedings{gaulke,
    author = {Gaulke, Werner and Ziegler, Jürgen},
    year = {2015},
    month = {06},
    pages = {254--259},
    title = {Using profiled ontologies to leverage model driven user interface generation},
    doi = {10.1145/2774225.2775070},
    shorthand = {Gaulke.W.Using-POTLMDUIG-2015ст},
    annotation = {***}
}

%167
@inproceedings{ActiveRaUL,
    author = {Butt, Anila and Haller, Armin and Liu, Shepherd and Xie, Lexing},
    year = {2013},
    month = {10},
    pages = {117--120},
    title = {ActiveRaUL: A Web form-based User Interface to Create and Maintain RDF data},
    volume = {1035},
    shorthand = {Butt.A.ActiveRaUL-AWFBUITCAMRD-2013ст},
    annotation = {***}
}

%168
@inproceedings{hitz,
    author = {Hitz, Michael and Kessel, Thomas},
    year = {2016},
    month = {12},
    title = {Using Application Ontologies for the Automatic Generation of User Interfaces for Dialog-Based Applications},
    volume = {268},
    isbn = {978-3-319-49943-7},
    doi = {10.1007/978-3-319-49944-4_2},
    shorthand = {Hitz.M.UsingAOFTAGOUIFDBA-2016ст},
    annotation = {***}
}

%169
@inproceedings{vladivostok1,
    author       = {В. В. Грибова and А. В. Тарасов},
    title        = {Автоматизация разработки пользовательских интерфейсов с динамическими данными},
    booktitle    = {Открытые семантические технологии проектирования интеллектуальных систем (OSTIS-2011) : материалы Междунар. научн.-техн. конф., Минск, 10-12 февраля 2011г.},
    organization = {Белорус. гос. ун-т информатики и радиоэлектроники ; редкол.: В. В. Голенков (отв. ред.) [и др.]},
    year         = {2011},
    pages        = {287--292},
    publisher    = {Минск},
    language     = {russian},
    shorthand    = {Грибова.В.В.АвтоматизацияРПИСДД-2011ст},
    annotation   = {Работа содержит описание принципов автоматического построения пользовательских интерфейсов}
}

%170
@inproceedings{vladivostok2,
    author       = {В. В. Грибова and А. В. Тарасов},
    title        = {Генератор кода пользовательского интерфейса, управляемый онтологией},
    booktitle    = {Искусственный интеллект, Т.4},
    year         = {2005},
    pages        = {457--464},
    language     = {russian},
    shorthand    = {Грибова.В.В.ГенераторКПИУО-2005ст},
    annotation   = {***}
}

%171
@inproceedings{ui_model-based-approach,
    author = {Liu, Ben and Chen, Hejie and He, Wei},
    year = {2005},
    month = {12},
    pages = {6},
    title = {Deriving user interface from ontologies: A model-based approach},
    volume = {2005},
    isbn = {0-7695-2488-5},
    journal = {Proceedings - International Conference on Tools with Artificial Intelligence, ICTAI},
    doi = {10.1109/ICTAI.2005.55},
    shorthand = {Liu.B.Deriving-UIFOAMBA-2005ст},
    annotation = {***}
}

%172
@Misc{fxml,
    title      = {Introduction to FXML [{E}lectronic resource]},
    note       = {Режим доступа: \url{https://openjfx.io/javadoc/12/javafx.fxml/javafx/fxml/doc-files/introduction\_to\_fxml.html}. -- Дата доступа: 23.05.2021},
    language   = {english},
    shorthand  = {FXML-эл},
    annotation = {***}
}

%173
@Misc{XForms,
    title      = {XForms 1.1 [{E}lectronic resource]},
    Note       = {Режим доступа: \url{https://www.w3.org/TR/xforms}. -- Дата доступа: 25.05.2021},
    language   = {english},
    shorthand  = {XForms-эл},
    annotation = {***}
}

%174
@inproceedings{Hardzei2021,
	author       = {А. Н. Гордей},
	year         = {2021},
	pages        = {5-26},
	title        = {Семантическая разметка события и её отображение средствами китайского и русского языков},
	booktitle    = {Иностранные языки в высшей школе. No 2 (57)},
	organization = {Рязань : Редакц.-изд. центр РГУ им. С. А. Есенина},
	doi          = {10.37724/RSU.2021.57.2.001},
	language     = {russian},
	shorthand    = {Гордей.А.Н.СемантическаяРСЕОСКРЯ-2021ст},
	annotation   = {На основе третьей редакции второй версии Теории автоматического порождения архитектуры знаний (ТАПАЗ-2) предложен новый подход к семантической разметке события и форма-лизации  синтаксиса  китайских  и  русских  предложений,  а  также  намечены  пути  решения  проблемы автоматического определения семантической эквивалентности текстовых документов и заимствования научных идей.}
}

@Comment{jabref-meta: databaseType:bibtex;}
